<collection xmlns="http://www.loc.gov/MARC21/slim">
<record>
  <leader>00757cz  a2200181n  4500</leader>
  <controlfield tag="001">8573990</controlfield>
  <controlfield tag="003">DLC</controlfield>
  <controlfield tag="005">20200103085323.0</controlfield>
  <controlfield tag="008">110303n| azannaabn          |a aaa     c</controlfield>
  <datafield tag="010" ind1=" " ind2=" ">
    <subfield code="a">no2011034084</subfield>
  </datafield>
  <datafield tag="035" ind1=" " ind2=" ">
    <subfield code="a">(OCoLC)oca08785904</subfield>
  </datafield>
  <datafield tag="040" ind1=" " ind2=" ">
    <subfield code="a">UkCU</subfield>
    <subfield code="b">eng</subfield>
    <subfield code="c">UkCU</subfield>
    <subfield code="d">DLC</subfield>
    <subfield code="e">rda</subfield>
  </datafield>
  <datafield tag="100" ind1="1" ind2=" ">
    <subfield code="a">Rangel, Lúcia Helena</subfield>
  </datafield>
  <datafield tag="377" ind1=" " ind2=" ">
    <subfield code="a">por</subfield>
  </datafield>
  <datafield tag="378" ind1=" " ind2=" ">
    <subfield code="q">Lúcia Helena Vitalli</subfield>
  </datafield>
  <datafield tag="400" ind1="1" ind2=" ">
    <subfield code="a">Vitalli Rangel, Lúcia Helena</subfield>
  </datafield>
  <datafield tag="670" ind1=" " ind2=" ">
    <subfield code="a">Violência contra os povos indígenas no Brasil, 2007:</subfield>
    <subfield code="b">p. 4 (coordenação da pesquisa Lúcia Helena Rangel, doutora em antropologia)</subfield>
  </datafield>
  <datafield tag="670" ind1=" " ind2=" ">
    <subfield code="a">Festas juninas, festas de São João, 2002:</subfield>
    <subfield code="b">t.p. (Lúcia Helena Vitalli Rangel) back flap (cientista social, mestre e doutora em Antropologia, PUC São Paulo; works at PUC São Paulo)</subfield>
  </datafield>
</record>