
<record>
  <leader>00700cz  a2200193n  4500</leader>
  <controlfield tag="001">8593958</controlfield>
  <controlfield tag="003">DLC</controlfield>
  <controlfield tag="005">20200103163528.0</controlfield>
  <controlfield tag="008">110324n| azannaabn          |b aaa      </controlfield>
  <datafield tag="010" ind1=" " ind2=" ">
    <subfield code="a">n 2011209073</subfield>
  </datafield>
  <datafield tag="040" ind1=" " ind2=" ">
    <subfield code="a">DLC</subfield>
    <subfield code="b">eng</subfield>
    <subfield code="e">rda</subfield>
    <subfield code="c">DLC</subfield>
    <subfield code="d">DLC</subfield>
  </datafield>
  <datafield tag="100" ind1="1" ind2=" ">
    <subfield code="a">Muqaddam, Maryam</subfield>
  </datafield>
  <datafield tag="400" ind1="1" ind2=" ">
    <subfield code="a">‏مقدم، مريم</subfield>
  </datafield>
  <datafield tag="400" ind1="1" ind2=" ">
    <subfield code="a">Moghaddam, Maryam</subfield>
  </datafield>
  <datafield tag="667" ind1=" " ind2=" ">
    <subfield code="a">Cannot identify with: n 2020000383: Muqaddam, Maryam, 1969 or 1970-</subfield>
  </datafield>
  <datafield tag="667" ind1=" " ind2=" ">
    <subfield code="a">Non-Latin script reference not evaluated.</subfield>
  </datafield>
  <datafield tag="670" ind1=" " ind2=" ">
    <subfield code="a">Pindārhā-yi Yūnānī dar Mas̲navī, 2005 or 2006:</subfield>
    <subfield code="b">t.p. (مريم مقدم = Maryam Muqaddam)</subfield>
  </datafield>
  <datafield tag="670" ind1=" " ind2=" ">
    <subfield code="a">Shabīh va āyinah, 2007:</subfield>
    <subfield code="b">facing added t.p. (Maryam Moghaddam [in rom.])</subfield>
  </datafield>
  <datafield tag="953" ind1=" " ind2=" ">
    <subfield code="a">wk26</subfield>
    <subfield code="b">cm03</subfield>
  </datafield>
</record>