
<record>
  <leader>00687cz  a2200181n  4500</leader>
  <controlfield tag="001">8605701</controlfield>
  <controlfield tag="003">DLC</controlfield>
  <controlfield tag="005">20200103070250.0</controlfield>
  <controlfield tag="008">110404n| azannaabn          |a aaa      </controlfield>
  <datafield tag="010" ind1=" " ind2=" ">
    <subfield code="a">n 2011022280</subfield>
  </datafield>
  <datafield tag="040" ind1=" " ind2=" ">
    <subfield code="a">DLC</subfield>
    <subfield code="b">eng</subfield>
    <subfield code="e">rda</subfield>
    <subfield code="c">DLC</subfield>
    <subfield code="d">DLC</subfield>
  </datafield>
  <datafield tag="100" ind1="1" ind2=" ">
    <subfield code="a">Borgulya, Istvánné,</subfield>
    <subfield code="d">1947-</subfield>
  </datafield>
  <datafield tag="400" ind1="1" ind2=" ">
    <subfield code="a">Vető, Ágnes Ágota,</subfield>
    <subfield code="d">1947-</subfield>
  </datafield>
  <datafield tag="400" ind1="1" ind2=" ">
    <subfield code="a">Borgulya Istvánné Vető, Ágnes Ágota</subfield>
  </datafield>
  <datafield tag="400" ind1="1" ind2=" ">
    <subfield code="a">Borgulya Vető, Ágnes Ágota</subfield>
  </datafield>
  <datafield tag="670" ind1=" " ind2=" ">
    <subfield code="a">Her Kommunikációmenedzsment a vállalati értékteremtésben, 2010:</subfield>
    <subfield code="b">t.p. (Borgulya Istvánné Vető Ágnes Ágota)</subfield>
  </datafield>
  <datafield tag="670" ind1=" " ind2=" ">
    <subfield code="a">Internet, Librivision: OSZK cat., Apr.5, 2011</subfield>
    <subfield code="b">(Borgulya, Istvánné, 1947- )</subfield>
  </datafield>
  <datafield tag="953" ind1=" " ind2=" ">
    <subfield code="a">fc09</subfield>
    <subfield code="b">fc11</subfield>
  </datafield>
</record>