
<record>
  <leader>00440cz  a2200145n  4500</leader>
  <controlfield tag="001">8605881</controlfield>
  <controlfield tag="003">DLC</controlfield>
  <controlfield tag="005">20200103174403.0</controlfield>
  <controlfield tag="008">110404n| azannaabn          |n aaa      </controlfield>
  <datafield tag="010" ind1=" " ind2=" ">
    <subfield code="a">n 2011022449</subfield>
  </datafield>
  <datafield tag="040" ind1=" " ind2=" ">
    <subfield code="a">DLC</subfield>
    <subfield code="b">eng</subfield>
    <subfield code="e">rda</subfield>
    <subfield code="c">DLC</subfield>
    <subfield code="d">DLC</subfield>
  </datafield>
  <datafield tag="046" ind1=" " ind2=" ">
    <subfield code="f">1965-01-27</subfield>
    <subfield code="2">edtf</subfield>
  </datafield>
  <datafield tag="100" ind1="1" ind2=" ">
    <subfield code="a">Gaudio, Alejandra,</subfield>
    <subfield code="d">1965-</subfield>
  </datafield>
  <datafield tag="670" ind1=" " ind2=" ">
    <subfield code="a">Santucho, Tosco, Rivière, 2004:</subfield>
    <subfield code="b">cover (Alejandra Gaudio) p. 131 (b. Jan.27, 1965, Capital Federal [Argentina])</subfield>
  </datafield>
  <datafield tag="953" ind1=" " ind2=" ">
    <subfield code="a">bfg15</subfield>
  </datafield>
</record>