
<record>
  <leader>00439cz  a2200145n  4500</leader>
  <controlfield tag="001">8669877</controlfield>
  <controlfield tag="003">DLC</controlfield>
  <controlfield tag="005">20200103105249.0</controlfield>
  <controlfield tag="008">110608n| azannaabn          |a aaa      </controlfield>
  <datafield tag="010" ind1=" " ind2=" ">
    <subfield code="a">nb2011015067</subfield>
  </datafield>
  <datafield tag="035" ind1=" " ind2=" ">
    <subfield code="a">(Uk)008163088</subfield>
  </datafield>
  <datafield tag="040" ind1=" " ind2=" ">
    <subfield code="a">Uk</subfield>
    <subfield code="b">eng</subfield>
    <subfield code="e">rda</subfield>
    <subfield code="c">Uk</subfield>
    <subfield code="d">DLC</subfield>
  </datafield>
  <datafield tag="100" ind1="1" ind2=" ">
    <subfield code="a">Fehér, Katalin Cs.,</subfield>
    <subfield code="d">1977-</subfield>
  </datafield>
  <datafield tag="400" ind1="1" ind2=" ">
    <subfield code="a">Cs. Fehér, Katalin,</subfield>
    <subfield code="d">1977-</subfield>
  </datafield>
  <datafield tag="670" ind1=" " ind2=" ">
    <subfield code="a">Pályi András, 2011:</subfield>
    <subfield code="b">t.p. (Cs. Fehér Katalin) inside back cover (born 1977, Budapest)</subfield>
  </datafield>
</record>