
<record>
  <leader>02152cz  a2200337n  4500</leader>
  <controlfield tag="001">8678665</controlfield>
  <controlfield tag="003">DLC</controlfield>
  <controlfield tag="005">20200103073314.0</controlfield>
  <controlfield tag="008">110616n| azannaabn          |b aaa     c</controlfield>
  <datafield tag="010" ind1=" " ind2=" ">
    <subfield code="a">no2011093979</subfield>
  </datafield>
  <datafield tag="035" ind1=" " ind2=" ">
    <subfield code="a">(OCoLC)oca08889497</subfield>
  </datafield>
  <datafield tag="040" ind1=" " ind2=" ">
    <subfield code="a">OrU</subfield>
    <subfield code="b">eng</subfield>
    <subfield code="e">rda</subfield>
    <subfield code="c">OrU</subfield>
    <subfield code="d">DLC</subfield>
    <subfield code="d">InU</subfield>
  </datafield>
  <datafield tag="046" ind1=" " ind2=" ">
    <subfield code="f">1971-06-04</subfield>
    <subfield code="2">edtf</subfield>
  </datafield>
  <datafield tag="100" ind1="1" ind2=" ">
    <subfield code="a">Belokobylʹskiĭ, A. V.</subfield>
    <subfield code="q">(Aleksandr Vladimirovich)</subfield>
  </datafield>
  <datafield tag="372" ind1=" " ind2=" ">
    <subfield code="a">Philosophy</subfield>
    <subfield code="2">lcsh</subfield>
  </datafield>
  <datafield tag="374" ind1=" " ind2=" ">
    <subfield code="a">Philosophers</subfield>
    <subfield code="2">lcsh</subfield>
  </datafield>
  <datafield tag="375" ind1=" " ind2=" ">
    <subfield code="a">male</subfield>
  </datafield>
  <datafield tag="377" ind1=" " ind2=" ">
    <subfield code="a">ukr</subfield>
    <subfield code="a">rus</subfield>
  </datafield>
  <datafield tag="400" ind1="1" ind2=" ">
    <subfield code="a">Белокобыльский, А. В.</subfield>
    <subfield code="q">(Александр Владимирович)</subfield>
  </datafield>
  <datafield tag="400" ind1="1" ind2=" ">
    <subfield code="a">Belokobylʹskiĭ, Aleksandr Vladimirovich</subfield>
  </datafield>
  <datafield tag="400" ind1="1" ind2=" ">
    <subfield code="a">Bilokobylʹskyĭ, Oleksandr Volodymyrovych</subfield>
  </datafield>
  <datafield tag="400" ind1="1" ind2=" ">
    <subfield code="a">Belokobilskiy, Aleksandr V.</subfield>
  </datafield>
  <datafield tag="400" ind1="1" ind2=" ">
    <subfield code="a">Bilokobylsky, Olexandr V.</subfield>
  </datafield>
  <datafield tag="400" ind1="1" ind2=" ">
    <subfield code="a">Білокобильський, О.</subfield>
    <subfield code="q">(Олександр)</subfield>
  </datafield>
  <datafield tag="400" ind1="1" ind2=" ">
    <subfield code="a">Білокобильський, Олександр Володимирович</subfield>
  </datafield>
  <datafield tag="667" ind1=" " ind2=" ">
    <subfield code="a">Non-Latin script references not evaluated.</subfield>
  </datafield>
  <datafield tag="670" ind1=" " ind2=" ">
    <subfield code="a">Osnovanii︠a︡ i strategii rat︠s︡ionalʹnosti moderna, 2008:</subfield>
    <subfield code="b">t.p. (А.В. Белокобыльский = A.V. Belokobylʹskiĭ) colophon (Білокобильский Олександр Володимирович = Bilokobylʹskyĭ Oleksandr Volodymyrovych)</subfield>
  </datafield>
  <datafield tag="670" ind1=" " ind2=" ">
    <subfield code="a">State University of Informatics and Artificial Intelligence, WWW, viewed June 15, 2011</subfield>
    <subfield code="b">(Белокобыльский Александр Владимирович = Belokobylʹskiĭ Aleksandr Vladimirovich; Aleksandr V. Belokobilskiy; Bilokobylsky Olexandr V. [in roman]; Ph.D. in Philosophy)</subfield>
  </datafield>
  <datafield tag="670" ind1=" " ind2=" ">
    <subfield code="a">Metafizyka Donet︠s︡ʹka, 2016:</subfield>
    <subfield code="b">page 217 (Олександр Білокобильський = Oleksandr Bilokobylʹskyĭ; доктор філософських наук, сфера наукових інтересів: філософія, секуляризація філософія науки) colophon (О. Білокобильський)</subfield>
  </datafield>
  <datafield tag="670" ind1=" " ind2=" ">
    <subfield code="a">Vikipedii︠a︡ (Ukrainian), Jan. 2, 2020</subfield>
    <subfield code="b">(Bilokobylʹskyĭ Oleksandr Volodymyrovych; b. June 4, 1971, in Makiïvka; Doktor filosofsʹkykh nauk, profesor)</subfield>
  </datafield>
  <datafield tag="953" ind1=" " ind2=" ">
    <subfield code="a">fc04</subfield>
  </datafield>
</record>