
<record>
  <leader>01322cz  a2200253n  4500</leader>
  <controlfield tag="001">8740969</controlfield>
  <controlfield tag="003">DLC</controlfield>
  <controlfield tag="005">20200103073204.0</controlfield>
  <controlfield tag="008">110819n| azannaabn          |a aaa     c</controlfield>
  <datafield tag="010" ind1=" " ind2=" ">
    <subfield code="a">no2011129429</subfield>
  </datafield>
  <datafield tag="035" ind1=" " ind2=" ">
    <subfield code="a">(OCoLC)oca08950759</subfield>
  </datafield>
  <datafield tag="040" ind1=" " ind2=" ">
    <subfield code="a">IlMchBWI</subfield>
    <subfield code="b">eng</subfield>
    <subfield code="e">rda</subfield>
    <subfield code="c">IlMchBWI</subfield>
    <subfield code="d">IEN</subfield>
    <subfield code="d">MoSW-Mu</subfield>
  </datafield>
  <datafield tag="046" ind1=" " ind2=" ">
    <subfield code="f">1853-09</subfield>
    <subfield code="g">1914-08-07</subfield>
    <subfield code="2">edtf</subfield>
  </datafield>
  <datafield tag="100" ind1="1" ind2=" ">
    <subfield code="a">Warren, C. H.</subfield>
    <subfield code="q">(Calvin H.),</subfield>
    <subfield code="d">1853-1914</subfield>
  </datafield>
  <datafield tag="370" ind1=" " ind2=" ">
    <subfield code="b">Richmond (New York, N.Y.)</subfield>
    <subfield code="2">naf</subfield>
  </datafield>
  <datafield tag="372" ind1=" " ind2=" ">
    <subfield code="a">Illustration of books</subfield>
    <subfield code="a">Art</subfield>
    <subfield code="2">lcsh</subfield>
  </datafield>
  <datafield tag="374" ind1=" " ind2=" ">
    <subfield code="a">Illustrators</subfield>
    <subfield code="a">Artists</subfield>
    <subfield code="2">lcsh</subfield>
  </datafield>
  <datafield tag="375" ind1=" " ind2=" ">
    <subfield code="a">Males</subfield>
    <subfield code="2">lcdgt</subfield>
  </datafield>
  <datafield tag="400" ind1="1" ind2=" ">
    <subfield code="a">Warren, Calvin H.,</subfield>
    <subfield code="d">1853-1914</subfield>
  </datafield>
  <datafield tag="670" ind1=" " ind2=" ">
    <subfield code="a">Twain, Mark. Pudd&apos;nhead Wilson and Those extraordinary twins, 2002:</subfield>
    <subfield code="b">t.p. (illustrations by C.H. Warren)</subfield>
  </datafield>
  <datafield tag="670" ind1=" " ind2=" ">
    <subfield code="a">Rasmussen, Kent. Critical companion to Mark Twain, c2009:</subfield>
    <subfield code="b">p. 933 (Warren, C. H., fl. 1890s, illustrator)</subfield>
  </datafield>
  <datafield tag="670" ind1=" " ind2=" ">
    <subfield code="a">Twain, Mark. Following the equator, 1897:</subfield>
    <subfield code="b">page 19 (C.H. Warren; in list of illustrators)</subfield>
  </datafield>
  <datafield tag="670" ind1=" " ind2=" ">
    <subfield code="a">1900 United States Federal Census in Ancestry.com Library Edition, Jan. 2, 2020</subfield>
    <subfield code="b">(Calvin H. Warren; born Sept. 1853; resident of Richmond County, New York; occupation: artist)</subfield>
  </datafield>
  <datafield tag="670" ind1=" " ind2=" ">
    <subfield code="a">New York, New York, Extracted Death Index in Ancestry.com Library Edition, Jan. 2, 2020</subfield>
    <subfield code="b">(Calvin H. Warren; born about 1854; died Aug. 7, 1914 at age of 60, Richmond [County], New York)</subfield>
  </datafield>
</record>