
<record>
  <leader>01289cz  a2200265n  4500</leader>
  <controlfield tag="001">8740979</controlfield>
  <controlfield tag="003">DLC</controlfield>
  <controlfield tag="005">20200103073205.0</controlfield>
  <controlfield tag="008">110819n| azannaabn          |a aaa     c</controlfield>
  <datafield tag="010" ind1=" " ind2=" ">
    <subfield code="a">no2011129439</subfield>
  </datafield>
  <datafield tag="035" ind1=" " ind2=" ">
    <subfield code="a">(OCoLC)oca08950769</subfield>
  </datafield>
  <datafield tag="040" ind1=" " ind2=" ">
    <subfield code="a">IlMchBWI</subfield>
    <subfield code="b">eng</subfield>
    <subfield code="e">rda</subfield>
    <subfield code="c">IlMchBWI</subfield>
    <subfield code="d">MoSW-Mu</subfield>
  </datafield>
  <datafield tag="046" ind1=" " ind2=" ">
    <subfield code="f">1849-01-27</subfield>
    <subfield code="g">1903-04-15</subfield>
    <subfield code="2">edtf</subfield>
  </datafield>
  <datafield tag="100" ind1="1" ind2=" ">
    <subfield code="a">Senior, F. M.</subfield>
  </datafield>
  <datafield tag="370" ind1=" " ind2=" ">
    <subfield code="a">Connecticut</subfield>
    <subfield code="b">Kings County (N.Y.)</subfield>
    <subfield code="e">Brooklyn (N.Y.)</subfield>
    <subfield code="e">Washington (D.C.)</subfield>
    <subfield code="2">naf</subfield>
  </datafield>
  <datafield tag="372" ind1=" " ind2=" ">
    <subfield code="a">Graphic arts</subfield>
    <subfield code="2">lcsh</subfield>
  </datafield>
  <datafield tag="373" ind1=" " ind2=" ">
    <subfield code="a">Gaulladet University</subfield>
    <subfield code="2">naf</subfield>
  </datafield>
  <datafield tag="374" ind1=" " ind2=" ">
    <subfield code="a">Graphic artists</subfield>
    <subfield code="a">Illustrators</subfield>
    <subfield code="2">lcsh</subfield>
  </datafield>
  <datafield tag="378" ind1=" " ind2=" ">
    <subfield code="q">Frank M.</subfield>
  </datafield>
  <datafield tag="400" ind1="1" ind2=" ">
    <subfield code="a">Senior, Frank M.</subfield>
  </datafield>
  <datafield tag="400" ind1="1" ind2=" ">
    <subfield code="a">Seinor, F. M.</subfield>
  </datafield>
  <datafield tag="670" ind1=" " ind2=" ">
    <subfield code="a">Twain, Mark. Pudd&apos;nhead Wilson and Those extraordinary twins, 2002:</subfield>
    <subfield code="b">t.p. (illustrations by F.M. Senior)</subfield>
  </datafield>
  <datafield tag="670" ind1=" " ind2=" ">
    <subfield code="a">The Mark Twain encyclopedia, c1993:</subfield>
    <subfield code="b">p. 382 (F.M. Senior, fl. 1890s, illustrator)</subfield>
  </datafield>
  <datafield tag="670" ind1=" " ind2=" ">
    <subfield code="a">Twain, Mark. Following the equator, 1897:</subfield>
    <subfield code="b">page 19 (F.M. Seinor)</subfield>
  </datafield>
  <datafield tag="670" ind1=" " ind2=" ">
    <subfield code="a">Wieland-LeCompte-College-Gowdey family tree, in Ancestry.com Library Edition, Jan. 2, 2020</subfield>
    <subfield code="b">(Frank M. Senior; born Jan. 27, 1849, Connecticut; died April 15, 1903, Kings County, N.Y.; attended Gallaudet University for two years; occupation variously given as engraver, designer and draughtsman, and artist; resident of Brooklyn)</subfield>
  </datafield>
</record>