
<record>
  <leader>00702cz  a2200193n  4500</leader>
  <controlfield tag="001">8781791</controlfield>
  <controlfield tag="003">DLC</controlfield>
  <controlfield tag="005">20200103154523.0</controlfield>
  <controlfield tag="008">110929n| acannaabn          |n aaa      </controlfield>
  <datafield tag="010" ind1=" " ind2=" ">
    <subfield code="a">n 2011068256</subfield>
  </datafield>
  <datafield tag="040" ind1=" " ind2=" ">
    <subfield code="a">DLC</subfield>
    <subfield code="b">eng</subfield>
    <subfield code="c">DLC</subfield>
    <subfield code="d">DLC</subfield>
  </datafield>
  <datafield tag="100" ind1="1" ind2=" ">
    <subfield code="a">Sérékian, Jean-Marc</subfield>
  </datafield>
  <datafield tag="370" ind1=" " ind2=" ">
    <subfield code="e">Tours (France)</subfield>
    <subfield code="2">naf</subfield>
  </datafield>
  <datafield tag="374" ind1=" " ind2=" ">
    <subfield code="a">Physicians</subfield>
  </datafield>
  <datafield tag="375" ind1=" " ind2=" ">
    <subfield code="a">male</subfield>
  </datafield>
  <datafield tag="377" ind1=" " ind2=" ">
    <subfield code="a">fre</subfield>
  </datafield>
  <datafield tag="670" ind1=" " ind2=" ">
    <subfield code="a">La course aux énergies, 2011:</subfield>
    <subfield code="b">t.p. (Jean-Marc Sérékian)</subfield>
  </datafield>
  <datafield tag="670" ind1=" " ind2=" ">
    <subfield code="a">His Capitalisme fossile, 2019:</subfield>
    <subfield code="b">title page (Jean-Marc Sérékian) cover page 4 (physician in Tours ; got interested in energy issues ; currently writer for the website Carfree on energy and biodiversity issues) page 2 (lists works)</subfield>
  </datafield>
  <datafield tag="953" ind1=" " ind2=" ">
    <subfield code="a">bd21</subfield>
  </datafield>
</record>