
<record>
  <leader>00647cz  a2200157n  4500</leader>
  <controlfield tag="001">8807579</controlfield>
  <controlfield tag="003">DLC</controlfield>
  <controlfield tag="005">20200103161920.0</controlfield>
  <controlfield tag="008">111025n| azannaabn          |n aaa     c</controlfield>
  <datafield tag="010" ind1=" " ind2=" ">
    <subfield code="a">no2011165654</subfield>
  </datafield>
  <datafield tag="035" ind1=" " ind2=" ">
    <subfield code="a">(OCoLC)oca09016613</subfield>
  </datafield>
  <datafield tag="040" ind1=" " ind2=" ">
    <subfield code="a">IlMchBWI</subfield>
    <subfield code="b">eng</subfield>
    <subfield code="e">rda</subfield>
    <subfield code="c">IlMchBWI</subfield>
    <subfield code="d">DLC</subfield>
  </datafield>
  <datafield tag="046" ind1=" " ind2=" ">
    <subfield code="f">1982-03-25</subfield>
    <subfield code="2">edtf</subfield>
  </datafield>
  <datafield tag="100" ind1="1" ind2=" ">
    <subfield code="a">Slate, Jenny,</subfield>
    <subfield code="d">1982-</subfield>
  </datafield>
  <datafield tag="670" ind1=" " ind2=" ">
    <subfield code="a">Her Marcel the shell with shoes on, c2011:</subfield>
    <subfield code="b">t.p. (Jenny Slate) jkt. (Created the short film this book was based on; writer, comedian, and film and TV actress; lives in Brooklyn, N.Y.)</subfield>
  </datafield>
  <datafield tag="670" ind1=" " ind2=" ">
    <subfield code="a">IMDB, Oct. 25, 2011</subfield>
    <subfield code="b">(Born March 25, 1982 in New York City; former cast member of Saturday night live)</subfield>
  </datafield>
</record>