
<record>
  <leader>01053cz  a2200217n  4500</leader>
  <controlfield tag="001">8859912</controlfield>
  <controlfield tag="003">DLC</controlfield>
  <controlfield tag="005">20200103102258.0</controlfield>
  <controlfield tag="008">111220n| azannaabn          |n aaa      </controlfield>
  <datafield tag="010" ind1=" " ind2=" ">
    <subfield code="a">nb2011033299</subfield>
  </datafield>
  <datafield tag="035" ind1=" " ind2=" ">
    <subfield code="a">(Uk)008350199</subfield>
  </datafield>
  <datafield tag="040" ind1=" " ind2=" ">
    <subfield code="a">Uk</subfield>
    <subfield code="b">eng</subfield>
    <subfield code="e">rda</subfield>
    <subfield code="c">Uk</subfield>
    <subfield code="d">DLC</subfield>
  </datafield>
  <datafield tag="046" ind1=" " ind2=" ">
    <subfield code="f">1972-09-21</subfield>
    <subfield code="2">edtf</subfield>
  </datafield>
  <datafield tag="100" ind1="1" ind2=" ">
    <subfield code="a">Lashua, Brett</subfield>
  </datafield>
  <datafield tag="370" ind1=" " ind2=" ">
    <subfield code="c">England</subfield>
    <subfield code="2">naf</subfield>
  </datafield>
  <datafield tag="372" ind1=" " ind2=" ">
    <subfield code="a">Popular music</subfield>
    <subfield code="2">lcsh</subfield>
  </datafield>
  <datafield tag="373" ind1=" " ind2=" ">
    <subfield code="a">Leeds Metropolitan University</subfield>
    <subfield code="2">naf</subfield>
  </datafield>
  <datafield tag="374" ind1=" " ind2=" ">
    <subfield code="a">Musicians</subfield>
    <subfield code="a">University and college faculty members</subfield>
    <subfield code="2">lcdgt</subfield>
  </datafield>
  <datafield tag="670" ind1=" " ind2=" ">
    <subfield code="a">Community and inclusion in leisure research and sport development, 2011:</subfield>
    <subfield code="b">t.p. (Brett Lashua) p. xii (Dr. Brett Lashua, lecturer, Carnegie Faculty of Sport, Leisure and Education, Leeds Metropolitan University)</subfield>
  </datafield>
  <datafield tag="670" ind1=" " ind2=" ">
    <subfield code="a">Sounds and the city, 2014:</subfield>
    <subfield code="b">ECIP t.p. (Brett Lashua) data view (b. Sept. 21, 1972)</subfield>
  </datafield>
  <datafield tag="670" ind1=" " ind2=" ">
    <subfield code="a">Urban Heritages WWW site, January 3, 2020</subfield>
    <subfield code="b">(Brett Lashua; musician and lecturer at Leeds Metropolitan University; research concerns popular music)</subfield>
    <subfield code="u">https://urbanheritages.wordpress.com/york/york-partners/brett-lashua/</subfield>
  </datafield>
</record>