
<record>
  <leader>02051cz  a2200277n  4500</leader>
  <controlfield tag="001">8915029</controlfield>
  <controlfield tag="003">DLC</controlfield>
  <controlfield tag="005">20200103073205.0</controlfield>
  <controlfield tag="008">120223n| azannaabn          |a aaa      </controlfield>
  <datafield tag="010" ind1=" " ind2=" ">
    <subfield code="a">n 2012012601</subfield>
  </datafield>
  <datafield tag="035" ind1=" " ind2=" ">
    <subfield code="a">(OCoLC)oca09125017</subfield>
  </datafield>
  <datafield tag="040" ind1=" " ind2=" ">
    <subfield code="a">DLC</subfield>
    <subfield code="b">eng</subfield>
    <subfield code="c">DLC</subfield>
    <subfield code="e">rda</subfield>
    <subfield code="d">MnU</subfield>
  </datafield>
  <datafield tag="046" ind1=" " ind2=" ">
    <subfield code="f">1930-12-01</subfield>
    <subfield code="g">2013-09-12</subfield>
  </datafield>
  <datafield tag="100" ind1="1" ind2=" ">
    <subfield code="a">Denavit, Jacques,</subfield>
    <subfield code="d">1930-2013</subfield>
  </datafield>
  <datafield tag="370" ind1=" " ind2=" ">
    <subfield code="a">Paris (France)</subfield>
    <subfield code="b">Pleasanton (Calif.)</subfield>
    <subfield code="c">France</subfield>
    <subfield code="c">United States</subfield>
    <subfield code="e">Evanston (Ill.)</subfield>
    <subfield code="2">naf</subfield>
  </datafield>
  <datafield tag="372" ind1=" " ind2=" ">
    <subfield code="a">Physics</subfield>
    <subfield code="a">Mechanical engineering</subfield>
    <subfield code="2">lcsh</subfield>
  </datafield>
  <datafield tag="373" ind1=" " ind2=" ">
    <subfield code="a">Northwestern University (Evanston, Ill.)</subfield>
    <subfield code="2">naf</subfield>
  </datafield>
  <datafield tag="374" ind1=" " ind2=" ">
    <subfield code="a">Physicists</subfield>
    <subfield code="a">Mechanical engineers</subfield>
    <subfield code="a">Authors</subfield>
    <subfield code="2">lcsh</subfield>
  </datafield>
  <datafield tag="374" ind1=" " ind2=" ">
    <subfield code="a">University and college faculty members</subfield>
    <subfield code="2">lcdgt</subfield>
  </datafield>
  <datafield tag="400" ind1="1" ind2=" ">
    <subfield code="w">nnea</subfield>
    <subfield code="a">Denavit, J.</subfield>
  </datafield>
  <datafield tag="400" ind1="1" ind2=" ">
    <subfield code="a">Denavit, J.</subfield>
    <subfield code="q">(Jacques),</subfield>
    <subfield code="d">1930-2013</subfield>
  </datafield>
  <datafield tag="670" ind1=" " ind2=" ">
    <subfield code="a">Pendant la guerre, 2011:</subfield>
    <subfield code="b">t.p., etc. (Jacques Denavit; b. 1930)</subfield>
  </datafield>
  <datafield tag="670" ind1=" " ind2=" ">
    <subfield code="a">Velocity, acceleration, and static-force analyses of spatial linkages, 1965:</subfield>
    <subfield code="b">cover (J. Denavit, Professor of Mechanical Engineering and Astronautical Sciences, Northwestern University, Evanston, Ill.)</subfield>
  </datafield>
  <datafield tag="670" ind1=" " ind2=" ">
    <subfield code="a">Kinematic synthesis of linkages, ©1954:</subfield>
    <subfield code="b">title page (Jacques Denavit, member of ASME, VDI; Department of Mechanical Engineering and Astronautical Sciences, Northwestern University)</subfield>
  </datafield>
  <datafield tag="670" ind1=" " ind2=" ">
    <subfield code="a">In memoriam: Jacques Denavit, viewed on Lawrence Livermore National Laboratory web site, January 2, 2019</subfield>
    <subfield code="b">(Jacques Denavit, died September 12, Pleasanton, California, age 82; born Paris, France, December 1, 1930; degree in general mathematics and physics, University of Paris, 1952; master of science degree in electrical engineering, Northwestern University, 1953; Ph.D. in electrical engineering, Northwestern University, 1956; professor of mechanical and nuclear engineering, Northwestern University, 1958-1982; research physicist at Naval Research Laboratory, Plasma Physics Division, 1969-1971; research physicist, Lawrence Livermore National Laboratory, 1982-1993)</subfield>
    <subfield code="u">https://www.llnl.gov/community/retiree-and-employee-resources/in-memoriam/jacques-denavit</subfield>
  </datafield>
  <datafield tag="953" ind1=" " ind2=" ">
    <subfield code="a">rf08</subfield>
  </datafield>
</record>