
<record>
  <leader>00527cz  a2200157n  4500</leader>
  <controlfield tag="001">8931549</controlfield>
  <controlfield tag="003">DLC</controlfield>
  <controlfield tag="005">20200103123952.0</controlfield>
  <controlfield tag="008">120312n| azannaabn           n aaa      </controlfield>
  <datafield tag="010" ind1=" " ind2=" ">
    <subfield code="a">n 2012016888</subfield>
  </datafield>
  <datafield tag="040" ind1=" " ind2=" ">
    <subfield code="a">DLC</subfield>
    <subfield code="b">eng</subfield>
    <subfield code="e">rda</subfield>
    <subfield code="c">DLC</subfield>
    <subfield code="d">DLC</subfield>
  </datafield>
  <datafield tag="046" ind1=" " ind2=" ">
    <subfield code="f">1965-11-28</subfield>
    <subfield code="2">edtf</subfield>
  </datafield>
  <datafield tag="100" ind1="1" ind2=" ">
    <subfield code="a">Turnau, Ted,</subfield>
    <subfield code="d">1965-</subfield>
  </datafield>
  <datafield tag="373" ind1=" " ind2=" ">
    <subfield code="a">International Institute for Christian Studies</subfield>
    <subfield code="2">naf</subfield>
  </datafield>
  <datafield tag="670" ind1=" " ind2=" ">
    <subfield code="a">Popologetics, c2012:</subfield>
    <subfield code="b">E-Cip t.p. (Ted Turnau) data view (b. Nov. 28, 1965 ; teaching fellow,  International Institute for Christian Studies)</subfield>
  </datafield>
  <datafield tag="953" ind1=" " ind2=" ">
    <subfield code="a">rg12</subfield>
  </datafield>
</record>