
<record>
  <leader>00568cz  a2200181n  4500</leader>
  <controlfield tag="001">8934499</controlfield>
  <controlfield tag="003">DLC</controlfield>
  <controlfield tag="005">20200103073206.0</controlfield>
  <controlfield tag="008">120315n| azannaabn          |n aaa      </controlfield>
  <datafield tag="010" ind1=" " ind2=" ">
    <subfield code="a">n 2012182786</subfield>
  </datafield>
  <datafield tag="016" ind1=" " ind2=" ">
    <subfield code="a">1032G1539E</subfield>
  </datafield>
  <datafield tag="035" ind1=" " ind2=" ">
    <subfield code="a">(OCoLC)oca09145982</subfield>
  </datafield>
  <datafield tag="040" ind1=" " ind2=" ">
    <subfield code="a">DNLM</subfield>
    <subfield code="b">eng</subfield>
    <subfield code="e">rda</subfield>
    <subfield code="c">DNLM</subfield>
    <subfield code="d">CaOONL</subfield>
  </datafield>
  <datafield tag="042" ind1=" " ind2=" ">
    <subfield code="a">nlc</subfield>
  </datafield>
  <datafield tag="100" ind1="1" ind2=" ">
    <subfield code="a">Devlin, Brian E.</subfield>
  </datafield>
  <datafield tag="377" ind1=" " ind2=" ">
    <subfield code="a">eng</subfield>
  </datafield>
  <datafield tag="670" ind1=" " ind2=" ">
    <subfield code="a">A practical guide to medical malpractice litigation, c2011:</subfield>
    <subfield code="b">t.p. (Brian Devlin, Q.C.)</subfield>
  </datafield>
  <datafield tag="670" ind1=" " ind2=" ">
    <subfield code="a">AMICUS search, Mar. 12, 2012</subfield>
    <subfield code="b">(LAC hdg: Devlin, Brian E.; usage: Brian E. Devlin; Brian Devlin)</subfield>
  </datafield>
</record>