
<record>
  <leader>00753cz  a2200193n  4500</leader>
  <controlfield tag="001">8935828</controlfield>
  <controlfield tag="003">DLC</controlfield>
  <controlfield tag="005">20200103111758.0</controlfield>
  <controlfield tag="008">120315n| azannaabn          |a aaa      </controlfield>
  <datafield tag="010" ind1=" " ind2=" ">
    <subfield code="a">n 2012017747</subfield>
  </datafield>
  <datafield tag="040" ind1=" " ind2=" ">
    <subfield code="a">DLC</subfield>
    <subfield code="b">eng</subfield>
    <subfield code="c">DLC</subfield>
    <subfield code="d">DLC</subfield>
    <subfield code="e">rda</subfield>
  </datafield>
  <datafield tag="100" ind1="1" ind2=" ">
    <subfield code="a">Mitkov, Georgi</subfield>
  </datafield>
  <datafield tag="375" ind1=" " ind2=" ">
    <subfield code="a">Males</subfield>
    <subfield code="2">lcdgt</subfield>
  </datafield>
  <datafield tag="377" ind1=" " ind2=" ">
    <subfield code="a">bul</subfield>
  </datafield>
  <datafield tag="400" ind1="1" ind2=" ">
    <subfield code="a">Митков, Георги</subfield>
  </datafield>
  <datafield tag="667" ind1=" " ind2=" ">
    <subfield code="a">Non-Latin script reference not evaluated</subfield>
  </datafield>
  <datafield tag="670" ind1=" " ind2=" ">
    <subfield code="a">Prinosŭt na samovodchani v naukata, 2008:</subfield>
    <subfield code="b">t.p. (Георги Митков, Georgi Mitkov)</subfield>
  </datafield>
  <datafield tag="670" ind1=" " ind2=" ">
    <subfield code="a">Bulgarian National Library OPAC, www.bg.cobiss.net, accessed Mar 15, 2012:</subfield>
    <subfield code="b">(Митков, Георги Николов = Mitkov, Georgi Nikolov; same author as Mitkov, Georgi in old catalog record 74489071.)</subfield>
  </datafield>
  <datafield tag="953" ind1=" " ind2=" ">
    <subfield code="a">fg10</subfield>
    <subfield code="b">fg10</subfield>
  </datafield>
</record>