
<record>
  <leader>01957cz  a2200289n  4500</leader>
  <controlfield tag="001">8948406</controlfield>
  <controlfield tag="003">DLC</controlfield>
  <controlfield tag="005">20200103073206.0</controlfield>
  <controlfield tag="008">120328n| azannaabn          |a aaa     c</controlfield>
  <datafield tag="010" ind1=" " ind2=" ">
    <subfield code="a">no2012045146</subfield>
  </datafield>
  <datafield tag="035" ind1=" " ind2=" ">
    <subfield code="a">(OCoLC)oca09156964</subfield>
  </datafield>
  <datafield tag="040" ind1=" " ind2=" ">
    <subfield code="a">IEN</subfield>
    <subfield code="b">eng</subfield>
    <subfield code="e">rda</subfield>
    <subfield code="c">IEN</subfield>
    <subfield code="d">UPB</subfield>
    <subfield code="d">GVaS</subfield>
  </datafield>
  <datafield tag="100" ind1="1" ind2=" ">
    <subfield code="a">Conaty, Kim</subfield>
  </datafield>
  <datafield tag="370" ind1=" " ind2=" ">
    <subfield code="c">United States</subfield>
    <subfield code="e">Waltham (Mass.)</subfield>
    <subfield code="2">naf</subfield>
  </datafield>
  <datafield tag="372" ind1=" " ind2=" ">
    <subfield code="a">Art museums--Curatorship</subfield>
    <subfield code="a">Education</subfield>
    <subfield code="2">lcsh</subfield>
  </datafield>
  <datafield tag="373" ind1=" " ind2=" ">
    <subfield code="a">Rose Art Museum</subfield>
    <subfield code="2">naf</subfield>
  </datafield>
  <datafield tag="373" ind1=" " ind2=" ">
    <subfield code="a">Museum of Modern Art (New York, N.Y.)</subfield>
    <subfield code="2">naf</subfield>
  </datafield>
  <datafield tag="373" ind1=" " ind2=" ">
    <subfield code="a">Whitney Biennial (2008 : New York, N.Y.)</subfield>
    <subfield code="2">naf</subfield>
  </datafield>
  <datafield tag="373" ind1=" " ind2=" ">
    <subfield code="a">Grey Art Gallery</subfield>
    <subfield code="2">naf</subfield>
  </datafield>
  <datafield tag="373" ind1=" " ind2=" ">
    <subfield code="a">Busch-Reisinger Museum</subfield>
    <subfield code="2">naf</subfield>
  </datafield>
  <datafield tag="374" ind1=" " ind2=" ">
    <subfield code="a">Art museum curators</subfield>
    <subfield code="a">Educators</subfield>
    <subfield code="2">lcsh</subfield>
  </datafield>
  <datafield tag="375" ind1=" " ind2=" ">
    <subfield code="a">Females</subfield>
    <subfield code="2">lcdgt</subfield>
  </datafield>
  <datafield tag="377" ind1=" " ind2=" ">
    <subfield code="a">eng</subfield>
  </datafield>
  <datafield tag="510" ind1="2" ind2=" ">
    <subfield code="w">r</subfield>
    <subfield code="i">Employer:</subfield>
    <subfield code="a">Rose Art Museum</subfield>
  </datafield>
  <datafield tag="670" ind1=" " ind2=" ">
    <subfield code="a">Print/out, c2012:</subfield>
    <subfield code="b">t.p. (Kim Conaty)</subfield>
  </datafield>
  <datafield tag="670" ind1=" " ind2=" ">
    <subfield code="a">Marcel Broodthaers, 2016:</subfield>
    <subfield code="b">title page (with contributions by Kim Conaty)</subfield>
  </datafield>
  <datafield tag="670" ind1=" " ind2=" ">
    <subfield code="a">BrandeisNOW, via WWW, April 22, 2016</subfield>
    <subfield code="b">(November 3, 2015 edition; Kim Conaty has been appointed curator for the Rose Art Museum at Brandeis University; Conaty comes to the Rose from The Museum of Modern Art in New York, where she was the Sue and Eugene Mercy, Jr., Assistant Curator of Drawings and Prints; prior to MoMA, she served as the Biennial Coordinator for the 2008 Whitney Biennial; Curatorial Fellow at the Grey Art Gallery, New York University; and a Curatorial Intern at the Busch-Reisinger Museum at Harvard University Art Museums and Clark Art Institute; Conaty earned her M.A. from Williams College, B.A. from Middlebury College, and is currently completing her Ph. D. at NYU&apos;s Institute of Fine Arts; she has regularly taught classes for MoMA and has written and lectured on a variety of topics, including the influential 70s artist journal Avalanche Magazine, and the work of artists such as Wade Guyton, Jonathan Meese and Gerhard Richter)</subfield>
    <subfield code="u">http://www.brandeis.edu/now/2015/november/conaty-rose.html</subfield>
  </datafield>
</record>