
<record>
  <leader>00950cz  a2200241n  4500</leader>
  <controlfield tag="001">8954159</controlfield>
  <controlfield tag="003">DLC</controlfield>
  <controlfield tag="005">20200103073206.0</controlfield>
  <controlfield tag="008">120404n| azannaabn          |a aaa     c</controlfield>
  <datafield tag="010" ind1=" " ind2=" ">
    <subfield code="a">no2012048193</subfield>
  </datafield>
  <datafield tag="016" ind1=" " ind2=" ">
    <subfield code="a">1022L8292E</subfield>
  </datafield>
  <datafield tag="035" ind1=" " ind2=" ">
    <subfield code="a">(OCoLC)oca09162753</subfield>
  </datafield>
  <datafield tag="040" ind1=" " ind2=" ">
    <subfield code="a">IlMchBWI</subfield>
    <subfield code="b">eng</subfield>
    <subfield code="e">rda</subfield>
    <subfield code="c">IlMchBWI</subfield>
    <subfield code="d">UPB</subfield>
    <subfield code="d">CaOONL</subfield>
  </datafield>
  <datafield tag="042" ind1=" " ind2=" ">
    <subfield code="a">nlc</subfield>
  </datafield>
  <datafield tag="046" ind1=" " ind2=" ">
    <subfield code="f">1966-08-06</subfield>
    <subfield code="2">edtf</subfield>
  </datafield>
  <datafield tag="100" ind1="1" ind2=" ">
    <subfield code="a">Son, Thi Anh Tuyet</subfield>
  </datafield>
  <datafield tag="370" ind1=" " ind2=" ">
    <subfield code="a">Ho Chi Minh City, Vietnam</subfield>
    <subfield code="e">Brantford, Ont.</subfield>
  </datafield>
  <datafield tag="375" ind1=" " ind2=" ">
    <subfield code="a">female</subfield>
  </datafield>
  <datafield tag="400" ind1="1" ind2=" ">
    <subfield code="a">Son, Tuyet</subfield>
  </datafield>
  <datafield tag="400" ind1="1" ind2=" ">
    <subfield code="a">Yurczyszyn, Tuyet</subfield>
  </datafield>
  <datafield tag="400" ind1="1" ind2=" ">
    <subfield code="a">Son Thi Anh, Tuyet</subfield>
  </datafield>
  <datafield tag="670" ind1=" " ind2=" ">
    <subfield code="a">Skrypuch, M. Last airlift, c2011:</subfield>
    <subfield code="b">p. 1 (Tuyet) p. 10 (Son Thi Anh Tuyet) p. 54 (image of Tuyet&apos;s adoption order ; Thi Anh Tuyet Son; born in Saigon, South Vietnam on Aug. 6, 1966; adopted in 1976) p. v (Son Thi Anh Tuyet ; now an adult ; lives in Brantford, Ont. ; married name is Tuyet Yurczyszyn)</subfield>
  </datafield>
  <datafield tag="670" ind1=" " ind2=" ">
    <subfield code="a">LAC in VIAF, Apr. 4, 2012</subfield>
    <subfield code="b">(est. hdg.: Son Thi Anh, Tuyet)</subfield>
  </datafield>
</record>