
<record>
  <leader>01396cz  a2200241n  4500</leader>
  <controlfield tag="001">8993535</controlfield>
  <controlfield tag="003">DLC</controlfield>
  <controlfield tag="005">20200103073206.0</controlfield>
  <controlfield tag="008">120518n| azannaabn          |n aaa      </controlfield>
  <datafield tag="010" ind1=" " ind2=" ">
    <subfield code="a">n 2012033507</subfield>
  </datafield>
  <datafield tag="035" ind1=" " ind2=" ">
    <subfield code="a">(OCoLC)oca09203052</subfield>
  </datafield>
  <datafield tag="040" ind1=" " ind2=" ">
    <subfield code="a">DLC</subfield>
    <subfield code="b">eng</subfield>
    <subfield code="e">rda</subfield>
    <subfield code="c">DLC</subfield>
    <subfield code="d">NN</subfield>
    <subfield code="d">IEN</subfield>
  </datafield>
  <datafield tag="100" ind1="1" ind2=" ">
    <subfield code="a">Lituchy, Terri R.</subfield>
  </datafield>
  <datafield tag="370" ind1=" " ind2=" ">
    <subfield code="c">Mexico</subfield>
    <subfield code="c">United States</subfield>
    <subfield code="f">Mexico</subfield>
    <subfield code="2">naf</subfield>
  </datafield>
  <datafield tag="372" ind1=" " ind2=" ">
    <subfield code="a">Management</subfield>
    <subfield code="2">lcsh</subfield>
  </datafield>
  <datafield tag="373" ind1=" " ind2=" ">
    <subfield code="a">CETYS (College)</subfield>
    <subfield code="a">University of Arizona</subfield>
    <subfield code="2">naf</subfield>
  </datafield>
  <datafield tag="374" ind1=" " ind2=" ">
    <subfield code="a">College teachers</subfield>
    <subfield code="a">Authors</subfield>
    <subfield code="2">lcsh</subfield>
  </datafield>
  <datafield tag="375" ind1=" " ind2=" ">
    <subfield code="a">female</subfield>
  </datafield>
  <datafield tag="377" ind1=" " ind2=" ">
    <subfield code="a">eng</subfield>
  </datafield>
  <datafield tag="670" ind1=" " ind2=" ">
    <subfield code="a">Management in Africa, 2012:</subfield>
    <subfield code="b">ECIP t.p. (Terri R. Lituchy)</subfield>
  </datafield>
  <datafield tag="670" ind1=" " ind2=" ">
    <subfield code="a">LEAD : leadership effectiveness in Africa and the African diaspora, 2017:</subfield>
    <subfield code="b">p. 4 of cover (Terri R. Lituch; she is the PIMSA Distinguished Chair at CETYS Universidad in Mexico)</subfield>
  </datafield>
  <datafield tag="670" ind1=" " ind2=" ">
    <subfield code="a">Customer service management in Africa, 2020:</subfield>
    <subfield code="b">ECIP title page (Dr. Terri R. Lituchy) ECIP galley (Terri R. Lituchy is currently a Fulbright Scholar in the Caribbean (2018-2020) and the PIMSA Distinguished Chair in International Business at CETYS Universidad in Mexico. Dr. Lituchy holds a PhD from the University of Arizona, USA. She has also taught around the world, including in the Americas, Asia, Africa, and Europe. Dr. Lituchy&apos;s research interests are in cross-cultural management and international services and tourism from an organisational behaviour perspective)</subfield>
  </datafield>
  <datafield tag="953" ind1=" " ind2=" ">
    <subfield code="a">xj15</subfield>
  </datafield>
</record>