
<record>
  <leader>00973cz  a2200205n  4500</leader>
  <controlfield tag="001">9021775</controlfield>
  <controlfield tag="003">DLC</controlfield>
  <controlfield tag="005">20200103123257.0</controlfield>
  <controlfield tag="008">120620n| acannaabn          |a aaa      </controlfield>
  <datafield tag="010" ind1=" " ind2=" ">
    <subfield code="a">n 2012040757</subfield>
  </datafield>
  <datafield tag="040" ind1=" " ind2=" ">
    <subfield code="a">DLC</subfield>
    <subfield code="b">eng</subfield>
    <subfield code="c">DLC</subfield>
  </datafield>
  <datafield tag="100" ind1="1" ind2=" ">
    <subfield code="a">Ferreira, Rui Cardona</subfield>
  </datafield>
  <datafield tag="370" ind1=" " ind2=" ">
    <subfield code="c">Portugal</subfield>
    <subfield code="2">naf</subfield>
  </datafield>
  <datafield tag="372" ind1=" " ind2=" ">
    <subfield code="a">Law</subfield>
    <subfield code="2">lcsh</subfield>
  </datafield>
  <datafield tag="374" ind1=" " ind2=" ">
    <subfield code="a">Lawyers</subfield>
    <subfield code="2">lcsh</subfield>
  </datafield>
  <datafield tag="375" ind1=" " ind2=" ">
    <subfield code="a">Males</subfield>
    <subfield code="2">lcsh</subfield>
  </datafield>
  <datafield tag="400" ind1="1" ind2=" ">
    <subfield code="a">Cardona Ferreira, Rui</subfield>
  </datafield>
  <datafield tag="670" ind1=" " ind2=" ">
    <subfield code="a">Indemninzação do interesse contratual positivo e perda de chance, 2011:</subfield>
    <subfield code="b">t.p. (Rui Cardona Ferreira)</subfield>
  </datafield>
  <datafield tag="670" ind1=" " ind2=" ">
    <subfield code="a">A responsabilidade civil pré-contratual das entidades adjudicantes, 2018:</subfield>
    <subfield code="b">t.p. (Rui Cardona Ferreira, Mestre em DIreito, Advogado) publisher&apos;s website viewed Jan.3, 2020 (&quot;Rui Cardona Ferreira, Advogado e Mestre em Direito pela Faculdade de Direito da Universidade Católica Portuguesa (2010), é sócio da sociedade Sérvulo &amp; Associados desde 2014, sociedade que passou a integrar ainda como associado em 2006&quot;).</subfield>
  </datafield>
  <datafield tag="953" ind1=" " ind2=" ">
    <subfield code="a">xg09</subfield>
  </datafield>
</record>