
<record>
  <leader>00574cz  a2200145n  4500</leader>
  <controlfield tag="001">9065317</controlfield>
  <controlfield tag="003">DLC</controlfield>
  <controlfield tag="005">20200103073817.0</controlfield>
  <controlfield tag="008">120810n| azannaabn          |n aaa     c</controlfield>
  <datafield tag="010" ind1=" " ind2=" ">
    <subfield code="a">no2012107707</subfield>
  </datafield>
  <datafield tag="035" ind1=" " ind2=" ">
    <subfield code="a">(OCoLC)oca09272964</subfield>
  </datafield>
  <datafield tag="040" ind1=" " ind2=" ">
    <subfield code="a">UkOxU</subfield>
    <subfield code="b">eng</subfield>
    <subfield code="e">rda</subfield>
    <subfield code="c">UkOxU</subfield>
    <subfield code="d">DLC</subfield>
  </datafield>
  <datafield tag="100" ind1="1" ind2=" ">
    <subfield code="a">Camp, Gregory Louis,</subfield>
    <subfield code="d">1985-</subfield>
  </datafield>
  <datafield tag="670" ind1=" " ind2=" ">
    <subfield code="a">Monteverdi on the modern stage, 2012:</subfield>
    <subfield code="b">t.p. (Gregory Louis Camp, the Queen&apos;s Coll.; D.Phil. thesis, Univ. of Oxford) author&apos;s declaration form (Fac. of Music) thesis cat. inf. form (b. Feb. 1, 1985)</subfield>
  </datafield>
  <datafield tag="670" ind1=" " ind2=" ">
    <subfield code="a">Howard Hawks, 2020:</subfield>
    <subfield code="b">title page (Gregory Camp)</subfield>
  </datafield>
</record>