
<record>
  <leader>01329cz  a2200265n  4500</leader>
  <controlfield tag="001">9068471</controlfield>
  <controlfield tag="003">DLC</controlfield>
  <controlfield tag="005">20200103073203.0</controlfield>
  <controlfield tag="008">120816n| azannaabn          |a aaa      </controlfield>
  <datafield tag="010" ind1=" " ind2=" ">
    <subfield code="a">n 2012206741</subfield>
  </datafield>
  <datafield tag="035" ind1=" " ind2=" ">
    <subfield code="a">(OCoLC)oca09279454</subfield>
  </datafield>
  <datafield tag="040" ind1=" " ind2=" ">
    <subfield code="a">DLC</subfield>
    <subfield code="b">eng</subfield>
    <subfield code="e">rda</subfield>
    <subfield code="c">DLC</subfield>
    <subfield code="d">NN</subfield>
    <subfield code="d">NL-LeU</subfield>
  </datafield>
  <datafield tag="046" ind1=" " ind2=" ">
    <subfield code="f">1975-04-28</subfield>
    <subfield code="2">edtf</subfield>
  </datafield>
  <datafield tag="100" ind1="1" ind2=" ">
    <subfield code="a">Couzens, Meda</subfield>
  </datafield>
  <datafield tag="370" ind1=" " ind2=" ">
    <subfield code="c">South Africa</subfield>
  </datafield>
  <datafield tag="372" ind1=" " ind2=" ">
    <subfield code="a">Children&apos;s rights</subfield>
    <subfield code="a">International law</subfield>
    <subfield code="2">lcsh</subfield>
  </datafield>
  <datafield tag="373" ind1=" " ind2=" ">
    <subfield code="a">Howard College (University of Natal). School of Law</subfield>
    <subfield code="2">naf</subfield>
  </datafield>
  <datafield tag="373" ind1=" " ind2=" ">
    <subfield code="a">Universiteit Leiden</subfield>
    <subfield code="2">naf</subfield>
  </datafield>
  <datafield tag="374" ind1=" " ind2=" ">
    <subfield code="a">College teachers</subfield>
    <subfield code="2">lcsh</subfield>
  </datafield>
  <datafield tag="377" ind1=" " ind2=" ">
    <subfield code="a">eng</subfield>
  </datafield>
  <datafield tag="400" ind1="1" ind2=" ">
    <subfield code="a">Couzens, Meda-Mihaela</subfield>
  </datafield>
  <datafield tag="670" ind1=" " ind2=" ">
    <subfield code="a">University of KwaZulu-Natal Web Page, Sept. 17, 2013:</subfield>
    <subfield code="b">(Meda Couzens, a lecturer in the Faculty of Law, Howard College; Master&apos;s in Child Care and Protection; research interests: international law and children&apos;s rights)</subfield>
    <subfield code="u">http://clm.ukzn.ac.za/Libraries/eNewsletter/LAW_MANAGEMENT_STUDIES_NEWSLETTER_MAY_2009.sflb.ashx</subfield>
  </datafield>
  <datafield tag="670" ind1=" " ind2=" ">
    <subfield code="a">Creating space for child participation in local governance in Tanzania, 2011:</subfield>
    <subfield code="b">t.p. (Meda Couzens)</subfield>
  </datafield>
  <datafield tag="670" ind1=" " ind2=" ">
    <subfield code="a">The application of the United Nations Convention on the Rights of the Child by national courts, 2019:</subfield>
    <subfield code="b">t.p. (Meda-Mihaela Couzens) p 217 (born 28 April 1975) vita (thesis submitted for the degree of doctor, Leiden University)</subfield>
  </datafield>
  <datafield tag="953" ind1=" " ind2=" ">
    <subfield code="a">wn10</subfield>
  </datafield>
</record>