
<record>
  <leader>00885cz  a2200241n  4500</leader>
  <controlfield tag="001">9112955</controlfield>
  <controlfield tag="003">DLC</controlfield>
  <controlfield tag="005">20200103113102.0</controlfield>
  <controlfield tag="008">121010n| azannaabn          |n aaa      </controlfield>
  <datafield tag="010" ind1=" " ind2=" ">
    <subfield code="a">nb2012023579</subfield>
  </datafield>
  <datafield tag="035" ind1=" " ind2=" ">
    <subfield code="a">(Uk)008600059</subfield>
  </datafield>
  <datafield tag="040" ind1=" " ind2=" ">
    <subfield code="a">Uk</subfield>
    <subfield code="b">eng</subfield>
    <subfield code="c">Uk</subfield>
    <subfield code="e">rda</subfield>
    <subfield code="d">DLC</subfield>
  </datafield>
  <datafield tag="046" ind1=" " ind2=" ">
    <subfield code="s">19</subfield>
  </datafield>
  <datafield tag="053" ind1=" " ind2="0">
    <subfield code="a">PS3618.O3347</subfield>
  </datafield>
  <datafield tag="100" ind1="1" ind2=" ">
    <subfield code="a">Robison, Brent</subfield>
  </datafield>
  <datafield tag="370" ind1=" " ind2=" ">
    <subfield code="e">New York, N.Y.</subfield>
  </datafield>
  <datafield tag="372" ind1=" " ind2=" ">
    <subfield code="a">Copy editing</subfield>
    <subfield code="a">Short stories</subfield>
    <subfield code="2">lcsh</subfield>
  </datafield>
  <datafield tag="374" ind1=" " ind2=" ">
    <subfield code="a">Copy editor</subfield>
    <subfield code="a">Short story writer</subfield>
  </datafield>
  <datafield tag="375" ind1=" " ind2=" ">
    <subfield code="a">male</subfield>
  </datafield>
  <datafield tag="377" ind1=" " ind2=" ">
    <subfield code="a">eng</subfield>
  </datafield>
  <datafield tag="670" ind1=" " ind2=" ">
    <subfield code="a">Learning to be human, c2010:</subfield>
    <subfield code="b">t.p. verso (edited by Brent Robison; collection from Chronogram magazine)</subfield>
  </datafield>
  <datafield tag="670" ind1=" " ind2=" ">
    <subfield code="a">Poets and writers website 10 October 2012:</subfield>
    <subfield code="b">Brent Robison page (author of short story collection &quot;Principle of Ultimate Indivisibility&quot; ; linked to Chronogram magazine)</subfield>
  </datafield>
  <datafield tag="670" ind1=" " ind2=" ">
    <subfield code="a">LinkedIn website 10 October 2012</subfield>
    <subfield code="b">(Brent Robison lives in New York, N.Y.)</subfield>
  </datafield>
</record>