
<record>
  <leader>01807cz  a2200217n  4500</leader>
  <controlfield tag="001">9122533</controlfield>
  <controlfield tag="003">DLC</controlfield>
  <controlfield tag="005">20200103142925.0</controlfield>
  <controlfield tag="008">121023n| azannaabn          |a aaa      </controlfield>
  <datafield tag="010" ind1=" " ind2=" ">
    <subfield code="a">n 2012068393</subfield>
  </datafield>
  <datafield tag="040" ind1=" " ind2=" ">
    <subfield code="a">DLC</subfield>
    <subfield code="b">eng</subfield>
    <subfield code="c">DLC</subfield>
    <subfield code="e">rda</subfield>
  </datafield>
  <datafield tag="046" ind1=" " ind2=" ">
    <subfield code="f">19700203</subfield>
  </datafield>
  <datafield tag="100" ind1="1" ind2=" ">
    <subfield code="a">Holland, Mary,</subfield>
    <subfield code="d">1970-</subfield>
  </datafield>
  <datafield tag="400" ind1="1" ind2=" ">
    <subfield code="a">Holland, Mary K.,</subfield>
    <subfield code="d">1970-</subfield>
  </datafield>
  <datafield tag="400" ind1="1" ind2=" ">
    <subfield code="a">Holland, Mary K.</subfield>
    <subfield code="q">(Mary Katherine),</subfield>
    <subfield code="d">1970-</subfield>
  </datafield>
  <datafield tag="670" ind1=" " ind2=" ">
    <subfield code="a">Succeeding postmodernism, 2013:</subfield>
    <subfield code="b">ECIP t.p. (Mary Holland) data view ( ...Assistant Professor of contemporary literature at The State University of New York, New Paltz, USA. Her work on irony and narcissism, poststructural realism, and mothering and media in fiction and film has appeared in Critique, The Journal of Popular Culture, and A Companion to David Foster Wallace Studies)</subfield>
  </datafield>
  <datafield tag="670" ind1=" " ind2=" ">
    <subfield code="a">Email from pub., Oct. 23, 2012:</subfield>
    <subfield code="b">(Mary Katherine Holland; b. Feb. 3, 1970)</subfield>
  </datafield>
  <datafield tag="670" ind1=" " ind2=" ">
    <subfield code="a">Approaches to teaching the works of David Foster Wallace, 2019:</subfield>
    <subfield code="b">ECIP t.p. (edited by ... Mary K. Holland)</subfield>
  </datafield>
  <datafield tag="670" ind1=" " ind2=" ">
    <subfield code="a">The moral worlds of contemporary realism, 2020:</subfield>
    <subfield code="b">CIP title page (Mary K. Holland) acknowledgements (&quot;my home institution SUNY New Paltz&quot;; and her students)</subfield>
  </datafield>
  <datafield tag="670" ind1=" " ind2=" ">
    <subfield code="a">Online search 2020-01-03:</subfield>
    <subfield code="b">(Mary K. Holland  Professor, Department of English, State University of New York, New Paltz ; Ph.D. in English 2004 University of California, Los Angeles ; M.A. in English Language and Literature 1995 University of Maryland, College Park ; books: The Moral Worlds of Contemporary Realism  . Bloomsbury, forthcoming 2020; Approaches to Teaching David Foster Wallace, edited by Stephen J. Burn and Mary K. Holland, MLA, 2019; Succeeding Postmodernism: Language and Humanism in Contemporary  American Literature (Bloomsbury, 2013),</subfield>
    <subfield code="u">http://newpaltz.academia.edu/MaryHolland/CurriculumVitae)</subfield>
  </datafield>
  <datafield tag="953" ind1=" " ind2=" ">
    <subfield code="a">rg16</subfield>
  </datafield>
</record>