
<record>
  <leader>00591cz  a2200169n  4500</leader>
  <controlfield tag="001">9170348</controlfield>
  <controlfield tag="003">DLC</controlfield>
  <controlfield tag="005">20200103135629.0</controlfield>
  <controlfield tag="008">130108n| azannaabn          |a aaa      </controlfield>
  <datafield tag="010" ind1=" " ind2=" ">
    <subfield code="a">n 2013000954</subfield>
  </datafield>
  <datafield tag="040" ind1=" " ind2=" ">
    <subfield code="a">DLC</subfield>
    <subfield code="b">eng</subfield>
    <subfield code="c">DLC</subfield>
    <subfield code="e">rda</subfield>
    <subfield code="d">DLC</subfield>
  </datafield>
  <datafield tag="100" ind1="1" ind2=" ">
    <subfield code="a">Hakalehto, Suvianna,</subfield>
    <subfield code="d">1966-</subfield>
  </datafield>
  <datafield tag="400" ind1="1" ind2=" ">
    <subfield code="w">nne</subfield>
    <subfield code="a">Hakalehto-Wainio, Suvianna</subfield>
  </datafield>
  <datafield tag="400" ind1="1" ind2=" ">
    <subfield code="a">Wainio, Suvianna Hakalehto-</subfield>
  </datafield>
  <datafield tag="670" ind1=" " ind2=" ">
    <subfield code="a">Oppilaan oikeudet opetustoimessa, 2012:</subfield>
    <subfield code="b">t.p. (Suvianna Hakalehto-Wainio)</subfield>
  </datafield>
  <datafield tag="670" ind1=" " ind2=" ">
    <subfield code="a">Lapsen oikeudet koulussa, 2015:</subfield>
    <subfield code="b">t.p. (Suvianna Hakalehto)</subfield>
  </datafield>
  <datafield tag="670" ind1=" " ind2=" ">
    <subfield code="a">FENNICA database, Feb 7, 2018:</subfield>
    <subfield code="b">(Hakalehto, Suvianna, 1966-)</subfield>
  </datafield>
</record>