
<record>
  <leader>00605cz  a2200145n  4500</leader>
  <controlfield tag="001">9216582</controlfield>
  <controlfield tag="003">DLC</controlfield>
  <controlfield tag="005">20200103073204.0</controlfield>
  <controlfield tag="008">130313n| azannaabn          |a aaa      </controlfield>
  <datafield tag="010" ind1=" " ind2=" ">
    <subfield code="a">n 2013181337</subfield>
  </datafield>
  <datafield tag="035" ind1=" " ind2=" ">
    <subfield code="a">(OCoLC)oca09426773</subfield>
  </datafield>
  <datafield tag="040" ind1=" " ind2=" ">
    <subfield code="a">DNLM</subfield>
    <subfield code="b">eng</subfield>
    <subfield code="e">rda</subfield>
    <subfield code="c">DNLM</subfield>
    <subfield code="d">DNLM</subfield>
  </datafield>
  <datafield tag="100" ind1="1" ind2=" ">
    <subfield code="a">Kalantar-Zadeh, Kamyar</subfield>
  </datafield>
  <datafield tag="400" ind1="1" ind2=" ">
    <subfield code="a">Zadeh, Kamyar Kalantar-</subfield>
  </datafield>
  <datafield tag="670" ind1=" " ind2=" ">
    <subfield code="a">Nutritional management of renal disease, 2013:</subfield>
    <subfield code="b">t.p. (Kamyar Kalantar-Zadeh, Division of Nephrology and Hypertension, University of California, Irvine, School of Medicine, Orange, California amd UCLA Fielding School of Public Health, Los Angeles, California)</subfield>
  </datafield>
</record>