
<record>
  <leader>01291cz  a2200301n  4500</leader>
  <controlfield tag="001">9250123</controlfield>
  <controlfield tag="003">DLC</controlfield>
  <controlfield tag="005">20200103073204.0</controlfield>
  <controlfield tag="008">130424n| azannaabn          |a aaa      </controlfield>
  <datafield tag="010" ind1=" " ind2=" ">
    <subfield code="a">n 2013023088</subfield>
  </datafield>
  <datafield tag="016" ind1=" " ind2=" ">
    <subfield code="a">1026G5795E</subfield>
  </datafield>
  <datafield tag="035" ind1=" " ind2=" ">
    <subfield code="a">(OCoLC)oca09458869</subfield>
  </datafield>
  <datafield tag="040" ind1=" " ind2=" ">
    <subfield code="a">DLC</subfield>
    <subfield code="b">eng</subfield>
    <subfield code="e">rda</subfield>
    <subfield code="c">DLC</subfield>
    <subfield code="d">IEN</subfield>
    <subfield code="d">CaOONL</subfield>
  </datafield>
  <datafield tag="042" ind1=" " ind2=" ">
    <subfield code="a">nlc</subfield>
  </datafield>
  <datafield tag="046" ind1=" " ind2=" ">
    <subfield code="f">1971</subfield>
    <subfield code="2">edtf</subfield>
  </datafield>
  <datafield tag="100" ind1="1" ind2=" ">
    <subfield code="a">Malhotra, Ravi</subfield>
    <subfield code="c">(Professor)</subfield>
  </datafield>
  <datafield tag="372" ind1=" " ind2=" ">
    <subfield code="a">Law--Study and teaching (Higher)</subfield>
    <subfield code="2">lcsh</subfield>
  </datafield>
  <datafield tag="374" ind1=" " ind2=" ">
    <subfield code="a">Law teachers</subfield>
    <subfield code="2">lcsh</subfield>
  </datafield>
  <datafield tag="377" ind1=" " ind2=" ">
    <subfield code="a">eng</subfield>
  </datafield>
  <datafield tag="378" ind1=" " ind2=" ">
    <subfield code="q">Ravi A.</subfield>
  </datafield>
  <datafield tag="400" ind1="1" ind2=" ">
    <subfield code="a">Malhotra, Ravi,</subfield>
    <subfield code="d">1971-</subfield>
  </datafield>
  <datafield tag="400" ind1="1" ind2=" ">
    <subfield code="a">Malhotra, Ravi A.,</subfield>
    <subfield code="d">1971-</subfield>
  </datafield>
  <datafield tag="510" ind1="2" ind2=" ">
    <subfield code="w">r</subfield>
    <subfield code="i">corporate body:</subfield>
    <subfield code="a">Labour Law Casebook Group</subfield>
    <subfield code="0">(DLC)n  86094206</subfield>
  </datafield>
  <datafield tag="670" ind1=" " ind2=" ">
    <subfield code="a">Exploring disability identity and disability rights through narratives, 2014</subfield>
  </datafield>
  <datafield tag="670" ind1=" " ind2=" ">
    <subfield code="a">University of Ottawa www site, April 24, 2013:</subfield>
    <subfield code="b">(Ravi Malhotra, Associate Professor - Faculty of Law (Common Law))</subfield>
  </datafield>
  <datafield tag="670" ind1=" " ind2=" ">
    <subfield code="a">Labour and employment law, 2018:</subfield>
    <subfield code="b">title page (compiled by a group of teachers of labour and employment law known as the Labour Law Casebook Group) page iii (The labour Law Casebook Group: Ravi Malhotra, University of Ottawa)</subfield>
  </datafield>
  <datafield tag="670" ind1=" " ind2=" ">
    <subfield code="a">LAC internal file, January 2, 2020</subfield>
    <subfield code="b">(access point: Malhotra, Ravi, 1971-; variant: Malhotra, Ravi A., 1971-;  Canadian)</subfield>
  </datafield>
  <datafield tag="953" ind1=" " ind2=" ">
    <subfield code="a">xg06</subfield>
  </datafield>
</record>