
<record>
  <leader>00742cz  a2200193n  4500</leader>
  <controlfield tag="001">9259244</controlfield>
  <controlfield tag="003">DLC</controlfield>
  <controlfield tag="005">20200103120121.0</controlfield>
  <controlfield tag="008">130506n| azannaabn          |a aaa     c</controlfield>
  <datafield tag="010" ind1=" " ind2=" ">
    <subfield code="a">no2013049134</subfield>
  </datafield>
  <datafield tag="035" ind1=" " ind2=" ">
    <subfield code="a">(OCoLC)oca09466693</subfield>
  </datafield>
  <datafield tag="040" ind1=" " ind2=" ">
    <subfield code="a">IEN-Mu</subfield>
    <subfield code="b">eng</subfield>
    <subfield code="e">rda</subfield>
    <subfield code="c">IEN-Mu</subfield>
    <subfield code="d">DLC</subfield>
  </datafield>
  <datafield tag="046" ind1=" " ind2=" ">
    <subfield code="k">1941</subfield>
    <subfield code="2">edtf</subfield>
  </datafield>
  <datafield tag="100" ind1="1" ind2=" ">
    <subfield code="a">Ellington, Duke,</subfield>
    <subfield code="d">1899-1974.</subfield>
    <subfield code="t">I got it bad</subfield>
  </datafield>
  <datafield tag="380" ind1=" " ind2=" ">
    <subfield code="a">Jazz</subfield>
    <subfield code="a">Songs</subfield>
    <subfield code="2">lcgft</subfield>
  </datafield>
  <datafield tag="400" ind1="1" ind2=" ">
    <subfield code="a">Ellington, Duke,</subfield>
    <subfield code="d">1899-1974.</subfield>
    <subfield code="t">I got it bad and that ain&apos;t good</subfield>
  </datafield>
  <datafield tag="670" ind1=" " ind2=" ">
    <subfield code="a">Ellington, Duke. I got it bad, 1941:</subfield>
    <subfield code="b">cover (I got it bad : and that ain&apos;t good)</subfield>
  </datafield>
  <datafield tag="670" ind1=" " ind2=" ">
    <subfield code="a">Grove music online, viewed May 6, 2013</subfield>
    <subfield code="b">(I got it bad, 1941)</subfield>
  </datafield>
  <datafield tag="670" ind1=" " ind2=" ">
    <subfield code="a">Wikipedia, January 2, 2020</subfield>
    <subfield code="b">(I got it bad (and that ain&apos;t good); pop and jazz standard from 1941)</subfield>
  </datafield>
</record>