
<record>
  <leader>02271cz  a2200337n  4500</leader>
  <controlfield tag="001">9272993</controlfield>
  <controlfield tag="003">DLC</controlfield>
  <controlfield tag="005">20200103073204.0</controlfield>
  <controlfield tag="008">130523n| azannaabn          |a aaa     c</controlfield>
  <datafield tag="010" ind1=" " ind2=" ">
    <subfield code="a">no2013056388</subfield>
  </datafield>
  <datafield tag="035" ind1=" " ind2=" ">
    <subfield code="a">(OCoLC)oca09480316</subfield>
  </datafield>
  <datafield tag="040" ind1=" " ind2=" ">
    <subfield code="a">NdU</subfield>
    <subfield code="b">eng</subfield>
    <subfield code="e">rda</subfield>
    <subfield code="c">NdU</subfield>
    <subfield code="d">IEN</subfield>
    <subfield code="d">ScU</subfield>
    <subfield code="d">GVaS</subfield>
  </datafield>
  <datafield tag="100" ind1="1" ind2=" ">
    <subfield code="a">Choi, Connie H.</subfield>
  </datafield>
  <datafield tag="370" ind1=" " ind2=" ">
    <subfield code="c">United States</subfield>
    <subfield code="e">Brooklyn (New York, N.Y.)</subfield>
    <subfield code="2">naf</subfield>
  </datafield>
  <datafield tag="372" ind1=" " ind2=" ">
    <subfield code="a">Art museums--Curatorship</subfield>
    <subfield code="a">Research</subfield>
    <subfield code="a">Education, Higher</subfield>
    <subfield code="a">Authorship</subfield>
    <subfield code="2">lcsh</subfield>
  </datafield>
  <datafield tag="373" ind1=" " ind2=" ">
    <subfield code="a">Yale University</subfield>
    <subfield code="2">naf</subfield>
    <subfield code="s">2001</subfield>
    <subfield code="t">2005</subfield>
  </datafield>
  <datafield tag="373" ind1=" " ind2=" ">
    <subfield code="a">Museum of Fine Arts, Boston</subfield>
    <subfield code="2">naf</subfield>
    <subfield code="s">2006</subfield>
    <subfield code="t">2007</subfield>
  </datafield>
  <datafield tag="373" ind1=" " ind2=" ">
    <subfield code="a">National Gallery of Art (U.S.)</subfield>
    <subfield code="2">naf</subfield>
    <subfield code="s">2008</subfield>
    <subfield code="t">2009</subfield>
  </datafield>
  <datafield tag="373" ind1=" " ind2=" ">
    <subfield code="a">Harvard University. Graduate School of Education</subfield>
    <subfield code="2">naf</subfield>
    <subfield code="s">2006</subfield>
    <subfield code="t">2007</subfield>
  </datafield>
  <datafield tag="373" ind1=" " ind2=" ">
    <subfield code="a">Columbia College (New York, N.Y.)</subfield>
    <subfield code="2">naf</subfield>
    <subfield code="s">2008</subfield>
    <subfield code="t">2018</subfield>
  </datafield>
  <datafield tag="373" ind1=" " ind2=" ">
    <subfield code="a">Brooklyn Museum</subfield>
    <subfield code="2">naf</subfield>
    <subfield code="s">2009</subfield>
    <subfield code="t">2017</subfield>
  </datafield>
  <datafield tag="373" ind1=" " ind2=" ">
    <subfield code="a">Hammer Museum</subfield>
    <subfield code="2">naf</subfield>
    <subfield code="s">2010</subfield>
    <subfield code="t">2011</subfield>
  </datafield>
  <datafield tag="373" ind1=" " ind2=" ">
    <subfield code="a">New York University</subfield>
    <subfield code="2">naf</subfield>
    <subfield code="s">2013</subfield>
    <subfield code="t">2013</subfield>
  </datafield>
  <datafield tag="373" ind1=" " ind2=" ">
    <subfield code="a">Studio Museum in Harlem</subfield>
    <subfield code="2">naf</subfield>
    <subfield code="s">2017</subfield>
  </datafield>
  <datafield tag="374" ind1=" " ind2=" ">
    <subfield code="a">Art museum curators</subfield>
    <subfield code="a">Scholars</subfield>
    <subfield code="a">Authors</subfield>
    <subfield code="a">Educators</subfield>
    <subfield code="2">lcsh</subfield>
  </datafield>
  <datafield tag="375" ind1=" " ind2=" ">
    <subfield code="a">Females</subfield>
    <subfield code="2">lcdgt</subfield>
  </datafield>
  <datafield tag="377" ind1=" " ind2=" ">
    <subfield code="a">eng</subfield>
  </datafield>
  <datafield tag="510" ind1="2" ind2=" ">
    <subfield code="w">r</subfield>
    <subfield code="i">Employer:</subfield>
    <subfield code="a">Studio Museum in Harlem</subfield>
  </datafield>
  <datafield tag="670" ind1=" " ind2=" ">
    <subfield code="a">Sargent, John Singer. John Singer Sargent watercolors, c2012:</subfield>
    <subfield code="b">title page (contributions by Karen A. Sherry, Janet Chen, and Connie H. Choi) page 243 (Research Associate, American Art, Brooklyn Museum)</subfield>
  </datafield>
  <datafield tag="670" ind1=" " ind2=" ">
    <subfield code="a">We wanted a revolution, 2017:</subfield>
    <subfield code="b">page 27 (Connie H. Choi)</subfield>
  </datafield>
  <datafield tag="670" ind1=" " ind2=" ">
    <subfield code="a">LinkedIn web site, December 11, 2018:</subfield>
    <subfield code="b">(Connie H. Choi, Associate Curator, Permanent Collection, The Studio Museum in Harlem, Greater New York City Area ; Education: Yale University, B.A., 2001-2005; Harvard University Graduate School of Education, Ed.M. 2006-2007; Columbia University in the City of New York, ABD, Art History, 2008-2018 ; Experience: Associate Curator, Permanent Collection, The Studio Museum in Harlem, 2017-present; Brooklyn Museum, 2009-2017; Art Humanities Instructor, Columbia University, 2014-2014; Adjunct Instructor, New York University, 2013-2013; Freelance Writer, Hammer Museum, UCLA, 2010-2011; Freelance Writer, National Gallery of Art, 2008-2009; Academic Year Intern, 2007-2008; Education Intern, Museum of Fine Arts, Boston, 2006-2007)</subfield>
    <subfield code="u">https://www.linkedin.com/in/connie-h-choi-0051b277/</subfield>
  </datafield>
</record>