
<record>
  <leader>02200cz  a2200385n  4500</leader>
  <controlfield tag="001">9315208</controlfield>
  <controlfield tag="003">DLC</controlfield>
  <controlfield tag="005">20200103073204.0</controlfield>
  <controlfield tag="008">130718n| azannaabn          |a aaa      </controlfield>
  <datafield tag="010" ind1=" " ind2=" ">
    <subfield code="a">n 2013044263</subfield>
    <subfield code="z">nb2014006266</subfield>
  </datafield>
  <datafield tag="016" ind1=" " ind2=" ">
    <subfield code="a">1024B3265E</subfield>
  </datafield>
  <datafield tag="035" ind1=" " ind2=" ">
    <subfield code="a">(Uk)008799696</subfield>
  </datafield>
  <datafield tag="035" ind1=" " ind2=" ">
    <subfield code="a">(OCoLC)oca09523674</subfield>
  </datafield>
  <datafield tag="040" ind1=" " ind2=" ">
    <subfield code="a">DLC</subfield>
    <subfield code="b">eng</subfield>
    <subfield code="e">rda</subfield>
    <subfield code="c">DLC</subfield>
    <subfield code="d">DLC</subfield>
    <subfield code="d">Uk</subfield>
    <subfield code="d">CaOONL</subfield>
  </datafield>
  <datafield tag="042" ind1=" " ind2=" ">
    <subfield code="a">nlc</subfield>
  </datafield>
  <datafield tag="046" ind1=" " ind2=" ">
    <subfield code="f">1968</subfield>
    <subfield code="2">edtf</subfield>
  </datafield>
  <datafield tag="100" ind1="1" ind2=" ">
    <subfield code="a">Smith, Neil</subfield>
    <subfield code="q">(Neil Andrew)</subfield>
  </datafield>
  <datafield tag="370" ind1=" " ind2=" ">
    <subfield code="c">Great Britain</subfield>
    <subfield code="e">Norfolk (England)</subfield>
    <subfield code="2">naf</subfield>
  </datafield>
  <datafield tag="372" ind1=" " ind2=" ">
    <subfield code="a">Translating and interpreting</subfield>
    <subfield code="2">lcsh</subfield>
  </datafield>
  <datafield tag="373" ind1=" " ind2=" ">
    <subfield code="a">Swedish-English Literary Translators&apos; Association</subfield>
    <subfield code="2">naf</subfield>
  </datafield>
  <datafield tag="374" ind1=" " ind2=" ">
    <subfield code="a">Translators</subfield>
    <subfield code="2">lcsh</subfield>
  </datafield>
  <datafield tag="375" ind1=" " ind2=" ">
    <subfield code="a">Males</subfield>
    <subfield code="2">lcdgt</subfield>
  </datafield>
  <datafield tag="377" ind1=" " ind2=" ">
    <subfield code="a">eng</subfield>
  </datafield>
  <datafield tag="378" ind1=" " ind2=" ">
    <subfield code="q">Neil Andrew</subfield>
  </datafield>
  <datafield tag="400" ind1="1" ind2=" ">
    <subfield code="a">Smith, Neil Andrew</subfield>
  </datafield>
  <datafield tag="667" ind1=" " ind2=" ">
    <subfield code="a">Formerly on undifferentiated name record: nb2005004196</subfield>
  </datafield>
  <datafield tag="667" ind1=" " ind2=" ">
    <subfield code="a">Do not confuse with the French to English translator: Smith, Neil, 1964-; they are not the same person</subfield>
  </datafield>
  <datafield tag="670" ind1=" " ind2=" ">
    <subfield code="a">The art of being kind, 2007:</subfield>
    <subfield code="b">t.p. (Neil Smith)</subfield>
  </datafield>
  <datafield tag="670" ind1=" " ind2=" ">
    <subfield code="a">Neil Smith Translation, Ltd. website, July 18, 2013</subfield>
    <subfield code="b">(Neil Smith Translation Limited ... founding director was Mr Neil Andrew Smith)</subfield>
  </datafield>
  <datafield tag="670" ind1=" " ind2=" ">
    <subfield code="a">Email from Neil Smith (French to English translator and fiction writer), Mar. 14, 2018:</subfield>
    <subfield code="b">(No, I&apos;m not the same translator as the Swedish-to-English translator, although we do share the same name. I&apos;m also a fiction writer who publishes with Random House in the U.S., the same publisher that publishes the Swedish-to-English translations that the other Neil Smith does, so we&apos;re often confused)</subfield>
  </datafield>
  <datafield tag="670" ind1=" " ind2=" ">
    <subfield code="a">Nesbø, Jo. The thirst, 2017:</subfield>
    <subfield code="b">t.p. (translated from the Norwegian by Neil Smith) jacket (gained a degree in Scandinavian studies at UCL and is the acclaimed translator of many crime novels in both Norwegian and Swedish)</subfield>
  </datafield>
  <datafield tag="670" ind1=" " ind2=" ">
    <subfield code="a">Companies House website, viewed 17 Apr. 2018:</subfield>
    <subfield code="b">director details for Neil Smith Translation (Neil Andrew Smith; born 1968)</subfield>
  </datafield>
  <datafield tag="670" ind1=" " ind2=" ">
    <subfield code="a">LAC internal file, March 4, 2019</subfield>
    <subfield code="b">(heading: Smith, Neil (Neil Andrew); Member of SELTA, the Swedish-English Literary Translators&apos; Association; lives in Norfolk)</subfield>
  </datafield>
  <datafield tag="670" ind1=" " ind2=" ">
    <subfield code="a">Beartown, 2017:</subfield>
    <subfield code="b">title page (translated by Neil Smith)</subfield>
  </datafield>
  <datafield tag="953" ind1=" " ind2=" ">
    <subfield code="a">ec04</subfield>
  </datafield>
</record>