
<record>
  <leader>01716cz  a2200241n  4500</leader>
  <controlfield tag="001">9332185</controlfield>
  <controlfield tag="003">DLC</controlfield>
  <controlfield tag="005">20200103064335.0</controlfield>
  <controlfield tag="008">130809n| azannaabn          |b aaa      </controlfield>
  <datafield tag="010" ind1=" " ind2=" ">
    <subfield code="a">n 2013184924</subfield>
    <subfield code="z">n 2019063205</subfield>
  </datafield>
  <datafield tag="035" ind1=" " ind2=" ">
    <subfield code="a">(DNLM)1510876</subfield>
  </datafield>
  <datafield tag="040" ind1=" " ind2=" ">
    <subfield code="a">DNLM</subfield>
    <subfield code="b">eng</subfield>
    <subfield code="e">rda</subfield>
    <subfield code="c">DNLM</subfield>
    <subfield code="d">DLC</subfield>
  </datafield>
  <datafield tag="100" ind1="1" ind2=" ">
    <subfield code="a">Kechina, E. A.</subfield>
    <subfield code="q">(Evgenii︠a︡ Arkadʹevna)</subfield>
  </datafield>
  <datafield tag="372" ind1=" " ind2=" ">
    <subfield code="a">Sociology</subfield>
    <subfield code="2">mesh</subfield>
  </datafield>
  <datafield tag="373" ind1=" " ind2=" ">
    <subfield code="a">Belaruski dzi︠a︡rz︠h︡aŭny medyt︠s︡ynski universitėt</subfield>
    <subfield code="2">naf</subfield>
  </datafield>
  <datafield tag="378" ind1=" " ind2=" ">
    <subfield code="q">Evgenii︠a︡ Arkadʹevna</subfield>
  </datafield>
  <datafield tag="400" ind1="1" ind2=" ">
    <subfield code="a">Кечина, Е. A.</subfield>
    <subfield code="q">(Евгения Aркадьевна)</subfield>
  </datafield>
  <datafield tag="400" ind1="1" ind2=" ">
    <subfield code="a">Kechina, Evgenii︠a︡ Arkadʹevna</subfield>
  </datafield>
  <datafield tag="400" ind1="1" ind2=" ">
    <subfield code="a">Кечина, Евгения Aркадьевна</subfield>
  </datafield>
  <datafield tag="667" ind1=" " ind2=" ">
    <subfield code="a">Non-Latin script reference not evaluated.</subfield>
  </datafield>
  <datafield tag="670" ind1=" " ind2=" ">
    <subfield code="a">Rezulʹtaty issledovaniĭ, provedennykh v ramkakh Nat︠s︡ionalʹnoĭ sistemy monitoringa i ot︠s︡enki situat︠s︡ii po VICh/SPIDu v 2011 godu, 2012:</subfield>
    <subfield code="b">t.p. verso (Кечина Е.A. = Kechina E.A.; doktor sot︠s︡iologicheskikh nauk, professor kafedry sot︠s︡iologii Belorusskogo gosudarstvennogo universiteta) colophon (Kechina Evgenii︠a︡ Ivanovna (misprint))</subfield>
  </datafield>
  <datafield tag="670" ind1=" " ind2=" ">
    <subfield code="a">NLM files, Jul. 19, 2013:</subfield>
    <subfield code="b">(hdg.: Kechina, E. A. (Evgenii︠a︡ Arkadʹevna); Кечина, Е. A. (Евгения Aркадьевна); usage: Е.A. Кечина = E.A. Kechina; Кечина Евгения Aркадьевна = Kechina Evgenii︠a︡ Arkadʹevna)</subfield>
  </datafield>
  <datafield tag="670" ind1=" " ind2=" ">
    <subfield code="a">Rezulʹtaty dozornogo ėpidemiologicheskogo nadzora po ot︠s︡enke situat︠s︡ii po VICh-infekt︠s︡ii sredi grupp naselenii︠a︡ s vysokim riskom infit︠s︡irovanii︠a︡ VICh, 2018:</subfield>
    <subfield code="b">cover (Кечина Е.А. = Kechina E.A.; doktor sot︠s︡iologicheskikh nauk, professor)</subfield>
  </datafield>
</record>