
<record>
  <leader>00543cz  a2200145n  4500</leader>
  <controlfield tag="001">9384712</controlfield>
  <controlfield tag="003">DLC</controlfield>
  <controlfield tag="005">20200103141605.0</controlfield>
  <controlfield tag="008">131017n| azannaabn          |n aaa     c</controlfield>
  <datafield tag="010" ind1=" " ind2=" ">
    <subfield code="a">no2013114277</subfield>
  </datafield>
  <datafield tag="035" ind1=" " ind2=" ">
    <subfield code="a">(OCoLC)oca09591599</subfield>
  </datafield>
  <datafield tag="040" ind1=" " ind2=" ">
    <subfield code="a">NjP</subfield>
    <subfield code="b">eng</subfield>
    <subfield code="e">rda</subfield>
    <subfield code="c">NjP</subfield>
    <subfield code="d">DLC</subfield>
  </datafield>
  <datafield tag="100" ind1="1" ind2=" ">
    <subfield code="a">Kemna, Daniela</subfield>
  </datafield>
  <datafield tag="375" ind1=" " ind2=" ">
    <subfield code="a">female</subfield>
  </datafield>
  <datafield tag="670" ind1=" " ind2=" ">
    <subfield code="a">Die Wege der Freiheit bei Friedrich Schiller und Jean-Paul Sartre, 2013:</subfield>
    <subfield code="b">t.p. (Daniela Kemna) back cover (studied German literature, history, and media studies at the University of Paderborn where she also received her PhD)</subfield>
  </datafield>
</record>