
<record>
  <leader>02071cz  a2200253n  4500</leader>
  <controlfield tag="001">9463713</controlfield>
  <controlfield tag="003">DLC</controlfield>
  <controlfield tag="005">20200103073154.0</controlfield>
  <controlfield tag="008">140131n| azannaabn          |a aaa      </controlfield>
  <datafield tag="010" ind1=" " ind2=" ">
    <subfield code="a">n 2014180300</subfield>
  </datafield>
  <datafield tag="035" ind1=" " ind2=" ">
    <subfield code="a">(OCoLC)oca09672632</subfield>
  </datafield>
  <datafield tag="040" ind1=" " ind2=" ">
    <subfield code="a">DNLM</subfield>
    <subfield code="b">eng</subfield>
    <subfield code="e">rda</subfield>
    <subfield code="c">DNLM</subfield>
    <subfield code="d">OU</subfield>
  </datafield>
  <datafield tag="046" ind1=" " ind2=" ">
    <subfield code="f">1909-06-14</subfield>
    <subfield code="g">1998-09-23</subfield>
    <subfield code="2">edtf</subfield>
  </datafield>
  <datafield tag="100" ind1="1" ind2=" ">
    <subfield code="a">Karling, Tor G.</subfield>
    <subfield code="q">(Tor Gustav),</subfield>
    <subfield code="d">1909-1998</subfield>
  </datafield>
  <datafield tag="370" ind1=" " ind2=" ">
    <subfield code="a">Hanko (Finland)</subfield>
    <subfield code="b">Täby (Sweden)</subfield>
    <subfield code="2">naf</subfield>
  </datafield>
  <datafield tag="374" ind1=" " ind2=" ">
    <subfield code="a">Zoologists</subfield>
    <subfield code="2">lcsh</subfield>
  </datafield>
  <datafield tag="375" ind1=" " ind2=" ">
    <subfield code="a">Males</subfield>
    <subfield code="2">lcdgt</subfield>
  </datafield>
  <datafield tag="378" ind1=" " ind2=" ">
    <subfield code="q">Tor Gustav</subfield>
  </datafield>
  <datafield tag="400" ind1="1" ind2=" ">
    <subfield code="w">nnea</subfield>
    <subfield code="a">Karling, Tor G.</subfield>
    <subfield code="q">(Tor Gustav),</subfield>
    <subfield code="d">1909-1988</subfield>
  </datafield>
  <datafield tag="400" ind1="1" ind2=" ">
    <subfield code="a">Karling, Tor Gustav,</subfield>
    <subfield code="d">1909-1998</subfield>
  </datafield>
  <datafield tag="670" ind1=" " ind2=" ">
    <subfield code="a">The Alex. Luther Centennial Symposium on Turbellaria, Dec. 1977:</subfield>
    <subfield code="b">t.p. (Tor G. Karling) p. 4 (Swedish Museum of Natural History, Section of Invertebrate Zoology, Stockholm, Sweden)</subfield>
  </datafield>
  <datafield tag="670" ind1=" " ind2=" ">
    <subfield code="a">VIAF, Jan. 10, 2014</subfield>
    <subfield code="b">(Karling, Tor Gustav, 1909-1988)</subfield>
  </datafield>
  <datafield tag="670" ind1=" " ind2=" ">
    <subfield code="a">Deutsche Nationalbibliothek via VIAF, Jan. 2, 2020</subfield>
    <subfield code="b">(identifier: http://d-nb.info/gnd/132175274; GAC: XA-FI XA-SE; preferred: Karling, Tor Gustav 1909-1998; field of activity: Süd-Georgien; gender: 1; variant: Karling, Tor G.)</subfield>
    <subfield code="u">http://www.viaf.org/processed/DNB%7C132175274</subfield>
  </datafield>
  <datafield tag="670" ind1=" " ind2=" ">
    <subfield code="a">Wikidata via Wikipedia, January 2, 2020</subfield>
    <subfield code="b">(alias: Karling, Tor G. Karling, Tor Gustav Karling, Tor Karling; sex or gender: male; instance of: human; date of birth: +1909-06-14T00:00:00Z; date of death: +1998-09-23T00:00:00Z, +1999-00-00T00:00:00Z; member of: Royal Swedish Academy of Sciences; given name: Tor; VIAF identifier: 28223752; place of birth: Hanko; occupation: zoologist; country of citizenship: Finland; educated at: University of Helsinki; author citation (zoology): Karling; SELIBR: 192701; SHARE Catalogue author ID (P3987): 87025; ISNI (P213): 0000000055437489; NE.se ID (P3222): tor-g-karling; Libris-URI (P5587): tr578hgc3bdxzv9; CONOR identifier: 267168099; SUDOC authorities: 063876604; description/label: finländsk-svensk zoolog, finnischer Zoologe, Fins zoöloog , zoólogu finlandés , عالم حيوان فنلندي)</subfield>
    <subfield code="u">http://www.wikidata.org/entity/Q5900939</subfield>
  </datafield>
</record>