
<record>
  <leader>00665cz  a2200157n  4500</leader>
  <controlfield tag="001">9482390</controlfield>
  <controlfield tag="003">DLC</controlfield>
  <controlfield tag="005">20200103073154.0</controlfield>
  <controlfield tag="008">140224n| azannaabn          |n ana     c</controlfield>
  <datafield tag="010" ind1=" " ind2=" ">
    <subfield code="a">no2014024601</subfield>
  </datafield>
  <datafield tag="035" ind1=" " ind2=" ">
    <subfield code="a">(OCoLC)oca09688447</subfield>
  </datafield>
  <datafield tag="040" ind1=" " ind2=" ">
    <subfield code="a">InU</subfield>
    <subfield code="b">eng</subfield>
    <subfield code="e">rda</subfield>
    <subfield code="c">InU</subfield>
    <subfield code="d">InU</subfield>
  </datafield>
  <datafield tag="046" ind1=" " ind2=" ">
    <subfield code="s">2009-10</subfield>
    <subfield code="2">edtf</subfield>
  </datafield>
  <datafield tag="111" ind1="2" ind2=" ">
    <subfield code="a">Central Eurasian Studies Conference</subfield>
    <subfield code="d">(2009 :</subfield>
    <subfield code="c">University of Toronto)</subfield>
  </datafield>
  <datafield tag="368" ind1=" " ind2=" ">
    <subfield code="a">Congresses and conventions</subfield>
    <subfield code="2">lcsh</subfield>
  </datafield>
  <datafield tag="670" ind1=" " ind2=" ">
    <subfield code="a">Material culture, language and religion of Central and Inner Asia, 2013:</subfield>
    <subfield code="b">title page (includes some papers originally presented at the Univrsity of Toronto during ... the Central Eurasian Studies Society Conference held in October 2009)</subfield>
  </datafield>
</record>