
<record>
  <leader>02955cz  a2200361n  4500</leader>
  <controlfield tag="001">9514213</controlfield>
  <controlfield tag="003">DLC</controlfield>
  <controlfield tag="005">20200103185105.0</controlfield>
  <controlfield tag="008">140328n| azannaabn          |a aaa     c</controlfield>
  <datafield tag="010" ind1=" " ind2=" ">
    <subfield code="a">no2014042326</subfield>
  </datafield>
  <datafield tag="035" ind1=" " ind2=" ">
    <subfield code="a">(OCoLC)oca09719992</subfield>
  </datafield>
  <datafield tag="040" ind1=" " ind2=" ">
    <subfield code="a">PE-LiPUB</subfield>
    <subfield code="b">eng</subfield>
    <subfield code="e">rda</subfield>
    <subfield code="c">PE-LiPUB</subfield>
    <subfield code="d">DLC</subfield>
  </datafield>
  <datafield tag="100" ind1="1" ind2=" ">
    <subfield code="a">Manrique Guzmán, Arturo</subfield>
  </datafield>
  <datafield tag="370" ind1=" " ind2=" ">
    <subfield code="e">Lima (Peru)</subfield>
    <subfield code="2">naf</subfield>
  </datafield>
  <datafield tag="372" ind1=" " ind2=" ">
    <subfield code="a">Sociological theory and social research</subfield>
  </datafield>
  <datafield tag="372" ind1=" " ind2=" ">
    <subfield code="a">Monitoring and evaluation of social programs and policies</subfield>
  </datafield>
  <datafield tag="372" ind1=" " ind2=" ">
    <subfield code="a">Gender</subfield>
  </datafield>
  <datafield tag="372" ind1=" " ind2=" ">
    <subfield code="a">Drugs</subfield>
  </datafield>
  <datafield tag="372" ind1=" " ind2=" ">
    <subfield code="a">International cooperation</subfield>
  </datafield>
  <datafield tag="372" ind1=" " ind2=" ">
    <subfield code="a">Public policy</subfield>
  </datafield>
  <datafield tag="372" ind1=" " ind2=" ">
    <subfield code="a">Design and management of development programs</subfield>
  </datafield>
  <datafield tag="373" ind1=" " ind2=" ">
    <subfield code="a">Fundación Ayuda en Acción (Peru)</subfield>
  </datafield>
  <datafield tag="373" ind1=" " ind2=" ">
    <subfield code="a">Universidad Nacional Federico Villarreal</subfield>
    <subfield code="2">naf</subfield>
  </datafield>
  <datafield tag="373" ind1=" " ind2=" ">
    <subfield code="a">Pontificia Universidad Católica del Perú</subfield>
    <subfield code="2">naf</subfield>
  </datafield>
  <datafield tag="374" ind1=" " ind2=" ">
    <subfield code="a">Sociologist</subfield>
    <subfield code="a">Professor</subfield>
    <subfield code="a">Consultant</subfield>
  </datafield>
  <datafield tag="375" ind1=" " ind2=" ">
    <subfield code="a">Males</subfield>
    <subfield code="2">lcdgt</subfield>
  </datafield>
  <datafield tag="377" ind1=" " ind2=" ">
    <subfield code="a">spa</subfield>
  </datafield>
  <datafield tag="400" ind1="1" ind2=" ">
    <subfield code="a">Guzmán, Arturo Manrique</subfield>
  </datafield>
  <datafield tag="670" ind1=" " ind2=" ">
    <subfield code="a">Diagnóstico situacional de la comunidad urbana autogestionaria de Huaycán, 2002 :</subfield>
    <subfield code="b">title page, etc. (Arturo Manrique Guzmán; published by the ADEC-ATC, Asociación Laboral para el Desarrollo in Lima; work is about population, community organization, and urbanism)</subfield>
  </datafield>
  <datafield tag="670" ind1=" " ind2=" ">
    <subfield code="a">Author&apos;s blog, January 3, 2020:</subfield>
    <subfield code="b">posted February 28, 2012 (Arturo Manrique Guzmán; sociologist; director of cooperation of the Fundación Ayuda en Acción (Peru); consultant; resident of Lima)</subfield>
    <subfield code="u">http://amanriqueg.blogspot.com/p/el-soroche-de-bill-gates.html</subfield>
  </datafield>
  <datafield tag="670" ind1=" " ind2=" ">
    <subfield code="a">Memoria Ayuda en Accion Perú 2008 2010, 2011:</subfield>
    <subfield code="b">page 5, etc. (Luis Vargas Casas, director of the Fundación Ayuda en Acción; Arturo Manrique Guzmán, Dirección de Cooperación of the Fundación Ayuda en Acción (Peru))</subfield>
    <subfield code="u">https://ayudaenaccion.org.pe/wp-content/uploads/2017/07/Memoria-Ayuda-en-Accion-Per%C3%BA-2008-2010.pdf</subfield>
  </datafield>
  <datafield tag="670" ind1=" " ind2=" ">
    <subfield code="a">Contribución de la cooperación internacional y de la sociedad civil al desarrollo del Perú, 2015, 2016:</subfield>
    <subfield code="b">preliminary page 4 (research team, Arturo Manrique Guzmán, Luis Vargas Casas, Ing. Estadístico, Saúl Cabrera Manrique; published by COEECI Coordinadora de Entidades Extranjeras de Cooperación Internacional in Lima)</subfield>
  </datafield>
  <datafield tag="670" ind1=" " ind2=" ">
    <subfield code="a">Revista Sociológica, No. 4, 2016:</subfield>
    <subfield code="b">(Arturo Manrique Guzmán; sociologist with a degree from the Universidad Nacional Federico Villarreal; master&apos;s in sociology, Pontificia Universidad Católica del Perú; specialist in sociological theory, social research, monitoring and evaluation of social programs and policies, gender, drugs, public policy, international cooperation as well as design and management of development programs; has been affiliated with government institutions, nongovernmental organizations, and international organizations; profesor; has written for various studies and articles on various topics related to sociology)</subfield>
    <subfield code="u">https://www.academia.edu/34365083/REVISTA_SOCIOLOGICA_4_2016.pdf</subfield>
  </datafield>
</record>