
<record>
  <leader>02923cz  a2200373n  4500</leader>
  <controlfield tag="001">9534660</controlfield>
  <controlfield tag="003">DLC</controlfield>
  <controlfield tag="005">20200103151802.0</controlfield>
  <controlfield tag="008">140423n| azannaabn          |n aaa     c</controlfield>
  <datafield tag="010" ind1=" " ind2=" ">
    <subfield code="a">no2014053019</subfield>
  </datafield>
  <datafield tag="035" ind1=" " ind2=" ">
    <subfield code="a">(OCoLC)oca09740532</subfield>
  </datafield>
  <datafield tag="040" ind1=" " ind2=" ">
    <subfield code="a">ICU</subfield>
    <subfield code="b">eng</subfield>
    <subfield code="e">rda</subfield>
    <subfield code="c">ICU</subfield>
    <subfield code="d">DLC</subfield>
  </datafield>
  <datafield tag="100" ind1="1" ind2=" ">
    <subfield code="a">Altmann, Philipp</subfield>
  </datafield>
  <datafield tag="370" ind1=" " ind2=" ">
    <subfield code="f">Quito (Ecuador)</subfield>
    <subfield code="2">naf</subfield>
  </datafield>
  <datafield tag="370" ind1=" " ind2=" ">
    <subfield code="f">Berlin (Germany)</subfield>
    <subfield code="2">naf</subfield>
  </datafield>
  <datafield tag="370" ind1=" " ind2=" ">
    <subfield code="f">Trier (Germany)</subfield>
    <subfield code="2">naf</subfield>
  </datafield>
  <datafield tag="370" ind1=" " ind2=" ">
    <subfield code="f">Madrid (Spain)</subfield>
    <subfield code="2">naf</subfield>
  </datafield>
  <datafield tag="371" ind1=" " ind2=" ">
    <subfield code="m">PhilippAltmann@gmx.de</subfield>
  </datafield>
  <datafield tag="372" ind1=" " ind2=" ">
    <subfield code="a">Social movements</subfield>
  </datafield>
  <datafield tag="372" ind1=" " ind2=" ">
    <subfield code="a">Ethnicity</subfield>
  </datafield>
  <datafield tag="372" ind1=" " ind2=" ">
    <subfield code="a">Discourse analysis</subfield>
  </datafield>
  <datafield tag="372" ind1=" " ind2=" ">
    <subfield code="a">Cultural sociology</subfield>
  </datafield>
  <datafield tag="373" ind1=" " ind2=" ">
    <subfield code="a">Universidad Central del Ecuador, Escuela de Sociología</subfield>
    <subfield code="2">naf</subfield>
    <subfield code="s">2015</subfield>
  </datafield>
  <datafield tag="373" ind1=" " ind2=" ">
    <subfield code="a">Universidad Autónoma de Madrid</subfield>
    <subfield code="2">naf</subfield>
    <subfield code="s">2004</subfield>
    <subfield code="t">2005</subfield>
  </datafield>
  <datafield tag="373" ind1=" " ind2=" ">
    <subfield code="a">Freie Universität Berlin</subfield>
    <subfield code="2">naf</subfield>
    <subfield code="s">2008</subfield>
    <subfield code="t">2013</subfield>
  </datafield>
  <datafield tag="373" ind1=" " ind2=" ">
    <subfield code="a">Universität Trier</subfield>
    <subfield code="2">naf</subfield>
    <subfield code="s">2001</subfield>
    <subfield code="t">2007</subfield>
  </datafield>
  <datafield tag="374" ind1=" " ind2=" ">
    <subfield code="a">Sociologist</subfield>
    <subfield code="a">Professor</subfield>
    <subfield code="a">Researcher</subfield>
  </datafield>
  <datafield tag="375" ind1=" " ind2=" ">
    <subfield code="a">Males</subfield>
    <subfield code="2">lcdgt</subfield>
  </datafield>
  <datafield tag="377" ind1=" " ind2=" ">
    <subfield code="a">eng</subfield>
    <subfield code="a">ger</subfield>
    <subfield code="a">spa</subfield>
  </datafield>
  <datafield tag="670" ind1=" " ind2=" ">
    <subfield code="a">Altmann, Philipp. Die Indigenenbewegung in Ecuador, 2014:</subfield>
    <subfield code="b">title page (Philipp Altmann)</subfield>
  </datafield>
  <datafield tag="670" ind1=" " ind2=" ">
    <subfield code="a">Repensar la interculturalidad, 2017:</subfield>
    <subfield code="b">title page (Philipp Altmann) page 158 (affiliated with the Escuela de Sociología, Universidad Central del Ecuador; Ph.D. in sociology, Freie Universität Berlin; studied sociology, cultural anthropology, and Spanish philology at the Universität Trier and the Universidad Autónoma de Madrid; researcher specializing in social movements, ethnicity, discourse analysis, and cultural sociology)</subfield>
  </datafield>
  <datafield tag="670" ind1=" " ind2=" ">
    <subfield code="a">Author&apos;s Academia page, January 3, 2020:</subfield>
    <subfield code="b">(Philipp Altmann; studied sociology, cultural anthropology and Spanish philology at the University of Trier and the Autonomous University Madrid; Ph.D. in sociology at the Free University of Berlin in 2013 with a work on the decolonial aspects of the discourse of the indigenous movement in Ecuador; since March 2015, he is a professor in sociological theory at the Universidad Central del Ecuador; research interests are: indigenous and social movements, decoloniality, identity, social exclusion, systems theory, political sociology, sociology of science; lists works in English, German, and Spanish; author of Die Indigenenbewegung in Ecuador)</subfield>
    <subfield code="u">https://uce-ec.academia.edu/PhilippAltmann</subfield>
  </datafield>
  <datafield tag="670" ind1=" " ind2=" ">
    <subfield code="a">Author&apos;s Researchgate page, January 3, 2020:</subfield>
    <subfield code="b">(Philipp Altmann; affiliated with the Facultad de Ciencias Sociales y Humanidades, Universidad Central del Ecuador; studied at the Universidad Autónoma de Madrid (2004-2005), the University of Trier (2001-2007) and the Free University of Berlin (2008-2013))</subfield>
    <subfield code="u">https://www.researchgate.net/profile/Philipp_Altmann</subfield>
  </datafield>
  <datafield tag="670" ind1=" " ind2=" ">
    <subfield code="a">Author&apos;s Ph.D. dissertation, 2013:</subfield>
    <subfield code="b">(Philipp Altmann; Ph.D. from the Freie Universität Berlin on the indigenous movement in Ecuador; PhilippAltmann@gmx.de)</subfield>
    <subfield code="u">https://www.isa-sociology.org/en/junior-sociologists/dissertation-abstracts/list-of-abstracts/141</subfield>
  </datafield>
</record>