
<record>
  <leader>01167cz  a2200277n  4500</leader>
  <controlfield tag="001">9537951</controlfield>
  <controlfield tag="003">DLC</controlfield>
  <controlfield tag="005">20200103073130.0</controlfield>
  <controlfield tag="008">140428n| azannaabn          |a aaa      </controlfield>
  <datafield tag="010" ind1=" " ind2=" ">
    <subfield code="a">n 2014023308</subfield>
  </datafield>
  <datafield tag="016" ind1=" " ind2=" ">
    <subfield code="a">1030E0193E</subfield>
  </datafield>
  <datafield tag="035" ind1=" " ind2=" ">
    <subfield code="a">(OCoLC)oca09745160</subfield>
  </datafield>
  <datafield tag="040" ind1=" " ind2=" ">
    <subfield code="a">DLC</subfield>
    <subfield code="b">eng</subfield>
    <subfield code="e">rda</subfield>
    <subfield code="c">DLC</subfield>
    <subfield code="d">IlMpPL</subfield>
    <subfield code="d">DLC</subfield>
    <subfield code="d">MdRoLAC</subfield>
    <subfield code="d">CaOONL</subfield>
  </datafield>
  <datafield tag="042" ind1=" " ind2=" ">
    <subfield code="a">nlc</subfield>
  </datafield>
  <datafield tag="046" ind1=" " ind2=" ">
    <subfield code="f">1981-06-02</subfield>
    <subfield code="2">edtf</subfield>
  </datafield>
  <datafield tag="053" ind1=" " ind2="0">
    <subfield code="a">PT9877.12.A32</subfield>
  </datafield>
  <datafield tag="100" ind1="1" ind2=" ">
    <subfield code="a">Backman, Fredrik,</subfield>
    <subfield code="d">1981-</subfield>
  </datafield>
  <datafield tag="370" ind1=" " ind2=" ">
    <subfield code="a">Stockholm (Sweden)</subfield>
    <subfield code="c">Sweden</subfield>
    <subfield code="e">Stockholm (Sweden)</subfield>
    <subfield code="2">naf</subfield>
  </datafield>
  <datafield tag="372" ind1=" " ind2=" ">
    <subfield code="a">Authorship</subfield>
    <subfield code="a">Blogs</subfield>
    <subfield code="2">lcsh</subfield>
  </datafield>
  <datafield tag="374" ind1=" " ind2=" ">
    <subfield code="a">Authors</subfield>
    <subfield code="a">Bloggers</subfield>
    <subfield code="2">lcsh</subfield>
  </datafield>
  <datafield tag="375" ind1=" " ind2=" ">
    <subfield code="a">Males</subfield>
    <subfield code="2">lcdgt</subfield>
  </datafield>
  <datafield tag="377" ind1=" " ind2=" ">
    <subfield code="a">swe</subfield>
  </datafield>
  <datafield tag="378" ind1=" " ind2=" ">
    <subfield code="q">Carl Fredrik</subfield>
  </datafield>
  <datafield tag="400" ind1="1" ind2=" ">
    <subfield code="a">Backman, Carl Fredrik,</subfield>
    <subfield code="d">1981-</subfield>
  </datafield>
  <datafield tag="670" ind1=" " ind2=" ">
    <subfield code="a">A man called Ove, 2014:</subfield>
    <subfield code="b">ECIP t.p. (Fredrik Backman) data view (full name: Carl Fredrik Backman; b. June 2, 1981 in Stockholm; Swedish writer and blogger; his first two books were published the same day in 2012, En man som heter Ove (A man called Ove), and, Saker min son behöver veta om världen (Things my son needs to know about the world))</subfield>
  </datafield>
  <datafield tag="670" ind1=" " ind2=" ">
    <subfield code="a">Beartown, 2019 :</subfield>
    <subfield code="b">title page (Fredrik Backman) page 4 of cover (lives in Stockholm, Sweden)</subfield>
  </datafield>
</record>