
<record>
  <leader>00513cz  a2200133n  4500</leader>
  <controlfield tag="001">9592762</controlfield>
  <controlfield tag="003">DLC</controlfield>
  <controlfield tag="005">20200103150552.0</controlfield>
  <controlfield tag="008">140630n| azannaabn          |n aaa     c</controlfield>
  <datafield tag="010" ind1=" " ind2=" ">
    <subfield code="a">no2014088082</subfield>
  </datafield>
  <datafield tag="035" ind1=" " ind2=" ">
    <subfield code="a">(OCoLC)oca09894376</subfield>
  </datafield>
  <datafield tag="040" ind1=" " ind2=" ">
    <subfield code="a">IEN</subfield>
    <subfield code="b">eng</subfield>
    <subfield code="e">rda</subfield>
    <subfield code="c">IEN</subfield>
    <subfield code="d">DLC</subfield>
  </datafield>
  <datafield tag="100" ind1="1" ind2=" ">
    <subfield code="a">Möst, Mark</subfield>
  </datafield>
  <datafield tag="670" ind1=" " ind2=" ">
    <subfield code="a">Grammatik des Kreolischen von Mauritius, 2014:</subfield>
    <subfield code="b">title page (Mark Möst) back cover (studied French and Latin at the University of Heidelberg; worked as an instructor and research fellow at the University of Heidelberg)</subfield>
  </datafield>
</record>