
<record>
  <leader>01377cz  a2200265n  4500</leader>
  <controlfield tag="001">9642459</controlfield>
  <controlfield tag="003">DLC</controlfield>
  <controlfield tag="005">20200103073130.0</controlfield>
  <controlfield tag="008">140828n| azannaabn          |b aaa      </controlfield>
  <datafield tag="010" ind1=" " ind2=" ">
    <subfield code="a">n 2014052834</subfield>
  </datafield>
  <datafield tag="035" ind1=" " ind2=" ">
    <subfield code="a">(OCoLC)oca09948062</subfield>
  </datafield>
  <datafield tag="040" ind1=" " ind2=" ">
    <subfield code="a">DLC</subfield>
    <subfield code="b">eng</subfield>
    <subfield code="e">rda</subfield>
    <subfield code="c">DLC</subfield>
    <subfield code="d">InU</subfield>
  </datafield>
  <datafield tag="046" ind1=" " ind2=" ">
    <subfield code="f">1971-05-13</subfield>
    <subfield code="2">edtf</subfield>
  </datafield>
  <datafield tag="100" ind1="1" ind2=" ">
    <subfield code="a">Mikhaĭlov, A. P.</subfield>
  </datafield>
  <datafield tag="372" ind1=" " ind2=" ">
    <subfield code="a">Sociology</subfield>
  </datafield>
  <datafield tag="374" ind1=" " ind2=" ">
    <subfield code="a">Sociologists</subfield>
    <subfield code="a">Police</subfield>
    <subfield code="2">lcsh</subfield>
  </datafield>
  <datafield tag="375" ind1=" " ind2=" ">
    <subfield code="a">male</subfield>
  </datafield>
  <datafield tag="400" ind1="1" ind2=" ">
    <subfield code="a">Михайлов, А. П.</subfield>
  </datafield>
  <datafield tag="400" ind1="1" ind2=" ">
    <subfield code="a">Mikhaĭlov, Andreĭ Pavlovich</subfield>
  </datafield>
  <datafield tag="400" ind1="1" ind2=" ">
    <subfield code="a">Михайлов, Андрей Павлович</subfield>
  </datafield>
  <datafield tag="667" ind1=" " ind2=" ">
    <subfield code="a">Non-Latin script reference not evaluated</subfield>
  </datafield>
  <datafield tag="670" ind1=" " ind2=" ">
    <subfield code="a">Sot︠s︡ialʹnye problemy v modernizirui︠u︡shchemsi︠a︡ obshchestve, 2011:</subfield>
    <subfield code="b">t.p. (Михайлов А. П. = Mikhaĭlov A. P.)</subfield>
  </datafield>
  <datafield tag="670" ind1=" " ind2=" ">
    <subfield code="a">His Deviat︠s︡ii povedenii︠a︡ nesovershennoletnykh i molodezhi v Rossii, 2018:</subfield>
    <subfield code="b">t.p. (A.P. Mikhaĭlov) verso t.p. (Mikhaĭlov, Andreĭ Pavlovich)</subfield>
  </datafield>
  <datafield tag="670" ind1=" " ind2=" ">
    <subfield code="a">National Library of Russia in VIAF, Jan. 2, 2020</subfield>
    <subfield code="b">(access point: Mikhaĭlov, A. P.  d-r sot︠s︡iol. nauk  1971-  Andreĭ Pavlovich)</subfield>
  </datafield>
  <datafield tag="670" ind1=" " ind2=" ">
    <subfield code="a">Ministerstvo vnutrennykh del po Respublike Adygei︠a︡ website, Jan. 2, 2020</subfield>
    <subfield code="b">(Mikhaĭlov Andreĭ Pavlovich; b. May 13, 1971, in Maĭkop; Doktor sot︠s︡iologicheskikh nauk, Professor; served in organs of internal security of Adygeĭ Republic 1990-2010)</subfield>
  </datafield>
</record>