
<record>
  <leader>00933cz  a2200205n  4500</leader>
  <controlfield tag="001">9658669</controlfield>
  <controlfield tag="003">DLC</controlfield>
  <controlfield tag="005">20200103160701.0</controlfield>
  <controlfield tag="008">140916n| azannaabn          |n aaa     c</controlfield>
  <datafield tag="010" ind1=" " ind2=" ">
    <subfield code="a">no2014122305</subfield>
    <subfield code="z">n 2016059298</subfield>
  </datafield>
  <datafield tag="035" ind1=" " ind2=" ">
    <subfield code="a">(OCoLC)oca09962913</subfield>
  </datafield>
  <datafield tag="040" ind1=" " ind2=" ">
    <subfield code="a">NjP</subfield>
    <subfield code="b">eng</subfield>
    <subfield code="e">rda</subfield>
    <subfield code="c">NjP</subfield>
    <subfield code="d">DLC</subfield>
  </datafield>
  <datafield tag="046" ind1=" " ind2=" ">
    <subfield code="f">1950-11-23</subfield>
    <subfield code="2">edtf</subfield>
  </datafield>
  <datafield tag="100" ind1="1" ind2=" ">
    <subfield code="a">Mnjama, Nathan Mwakoshi</subfield>
  </datafield>
  <datafield tag="373" ind1=" " ind2=" ">
    <subfield code="a">University of Botswana. Library and Information Studies</subfield>
    <subfield code="2">naf</subfield>
  </datafield>
  <datafield tag="374" ind1=" " ind2=" ">
    <subfield code="a">College teachers</subfield>
    <subfield code="2">lcsh</subfield>
  </datafield>
  <datafield tag="375" ind1=" " ind2=" ">
    <subfield code="a">male</subfield>
  </datafield>
  <datafield tag="400" ind1="1" ind2=" ">
    <subfield code="w">nne</subfield>
    <subfield code="a">Mnjama, Nathan,</subfield>
    <subfield code="d">1950-</subfield>
  </datafield>
  <datafield tag="670" ind1=" " ind2=" ">
    <subfield code="a">Concepts and advances in information  and knowledge management, 2014:</subfield>
    <subfield code="b">t.p. (Nathan Mwakoshi Mnjama) page xix (Nathan Mnjama is a professor of Archives and Records Management in the Department of Library and Information Studies, University of Botswana)</subfield>
  </datafield>
  <datafield tag="670" ind1=" " ind2=" ">
    <subfield code="a">Managing knowledge resources and records in modern organizations, 2017:</subfield>
    <subfield code="b">eCIP t.p. (Nathan Mnjama) data view screen (b. 11/23/1950)</subfield>
  </datafield>
</record>