
<record>
  <leader>00721cz  a2200181n  4500</leader>
  <controlfield tag="001">9748999</controlfield>
  <controlfield tag="003">DLC</controlfield>
  <controlfield tag="005">20200103170117.0</controlfield>
  <controlfield tag="008">150108n| azannaabn          |a aaa      </controlfield>
  <datafield tag="010" ind1=" " ind2=" ">
    <subfield code="a">n 2015001382</subfield>
  </datafield>
  <datafield tag="040" ind1=" " ind2=" ">
    <subfield code="a">DLC</subfield>
    <subfield code="b">eng</subfield>
    <subfield code="e">rda</subfield>
    <subfield code="c">DLC</subfield>
    <subfield code="d">DLC</subfield>
  </datafield>
  <datafield tag="046" ind1=" " ind2=" ">
    <subfield code="k">1811</subfield>
    <subfield code="2">edtf</subfield>
  </datafield>
  <datafield tag="100" ind1="1" ind2=" ">
    <subfield code="a">King, M. P.</subfield>
    <subfield code="q">(Matthew Peter),</subfield>
    <subfield code="d">1773-1823.</subfield>
    <subfield code="t">Americans</subfield>
  </datafield>
  <datafield tag="380" ind1=" " ind2=" ">
    <subfield code="a">Operas</subfield>
    <subfield code="2">lcgft</subfield>
  </datafield>
  <datafield tag="400" ind1="1" ind2=" ">
    <subfield code="a">Braham, John,</subfield>
    <subfield code="d">1774-1856.</subfield>
    <subfield code="t">Americans</subfield>
  </datafield>
  <datafield tag="500" ind1="1" ind2=" ">
    <subfield code="w">r</subfield>
    <subfield code="i">Librettist:</subfield>
    <subfield code="a">Arnold, Samuel James,</subfield>
    <subfield code="d">1774-1852</subfield>
  </datafield>
  <datafield tag="670" ind1=" " ind2=" ">
    <subfield code="a">The anchors weighed, 1810</subfield>
  </datafield>
  <datafield tag="670" ind1=" " ind2=" ">
    <subfield code="a">Operas in English, 2013:</subfield>
    <subfield code="b">p. 17 (The Americans, comic opera in three acts by Matthew King and John Braham; libretto (Eng) by Samuel J. Arnold; first performance April. 27, 1811, London, Drury Lane Theatre)</subfield>
  </datafield>
</record>