
<record>
  <leader>00909cz  a2200169n  4500</leader>
  <controlfield tag="001">9771363</controlfield>
  <controlfield tag="003">DLC</controlfield>
  <controlfield tag="005">20200103181703.0</controlfield>
  <controlfield tag="008">150203n| azannaabn          |n aaa     c</controlfield>
  <datafield tag="010" ind1=" " ind2=" ">
    <subfield code="a">no2015014932</subfield>
  </datafield>
  <datafield tag="035" ind1=" " ind2=" ">
    <subfield code="a">(OCoLC)oca10077566</subfield>
  </datafield>
  <datafield tag="040" ind1=" " ind2=" ">
    <subfield code="a">InU</subfield>
    <subfield code="b">eng</subfield>
    <subfield code="e">rda</subfield>
    <subfield code="c">InU</subfield>
    <subfield code="d">InU</subfield>
    <subfield code="d">DLC</subfield>
  </datafield>
  <datafield tag="100" ind1="1" ind2=" ">
    <subfield code="a">Falkner, James</subfield>
    <subfield code="c">(Military historian)</subfield>
  </datafield>
  <datafield tag="667" ind1=" " ind2=" ">
    <subfield code="a">Formerly on undifferentiated name record: n 2002041610</subfield>
  </datafield>
  <datafield tag="670" ind1=" " ind2=" ">
    <subfield code="a">Falkner, James. Marlborough&apos;s war machine 1702-1711, 2014:</subfield>
    <subfield code="b">title page (James Falkner)</subfield>
  </datafield>
  <datafield tag="670" ind1=" " ind2=" ">
    <subfield code="a">Falkner, James. Great and glorious days, 2002:</subfield>
    <subfield code="b">t.p. (James Falkner) jkt. (lives in Hampshire, England; national secretary of the Road Haulage Assoc.; has an interest in the Duke of Marlborough&apos;s campaigns)</subfield>
  </datafield>
  <datafield tag="670" ind1=" " ind2=" ">
    <subfield code="a">LinkedIn.com, Feb. 3, 2015</subfield>
    <subfield code="b">(Military historian, author; Research associate, Dictionary of National Biography, Oxford University Press; Guide, Ian Fletcher Battlefield Tours, Kent, England)</subfield>
  </datafield>
</record>