
<record>
  <leader>01914cz  a2200313n  4500</leader>
  <controlfield tag="001">9794152</controlfield>
  <controlfield tag="003">DLC</controlfield>
  <controlfield tag="005">20200103124919.0</controlfield>
  <controlfield tag="008">150227n| azannaabn          |a ana      </controlfield>
  <datafield tag="010" ind1=" " ind2=" ">
    <subfield code="a">nb2015004251</subfield>
  </datafield>
  <datafield tag="035" ind1=" " ind2=" ">
    <subfield code="a">(Uk)009267730</subfield>
  </datafield>
  <datafield tag="040" ind1=" " ind2=" ">
    <subfield code="a">Uk</subfield>
    <subfield code="b">eng</subfield>
    <subfield code="e">rda</subfield>
    <subfield code="c">Uk</subfield>
    <subfield code="d">DLC</subfield>
  </datafield>
  <datafield tag="046" ind1=" " ind2=" ">
    <subfield code="s">2009</subfield>
  </datafield>
  <datafield tag="110" ind1="2" ind2=" ">
    <subfield code="a">Université de Lille 1, sciences et technologies</subfield>
  </datafield>
  <datafield tag="368" ind1=" " ind2=" ">
    <subfield code="a">Universities and colleges</subfield>
    <subfield code="2">lcsh</subfield>
  </datafield>
  <datafield tag="370" ind1=" " ind2=" ">
    <subfield code="c">France</subfield>
    <subfield code="e">Villeneuve-d&apos;Ascq (France)</subfield>
    <subfield code="2">naf</subfield>
  </datafield>
  <datafield tag="371" ind1=" " ind2=" ">
    <subfield code="a">Cité scientifique 59655</subfield>
    <subfield code="b">Villeneuve d&apos;Ascq Cedex</subfield>
    <subfield code="d">France</subfield>
  </datafield>
  <datafield tag="372" ind1=" " ind2=" ">
    <subfield code="a">Science</subfield>
    <subfield code="a">Technology</subfield>
    <subfield code="2">lcsh</subfield>
  </datafield>
  <datafield tag="377" ind1=" " ind2=" ">
    <subfield code="a">fre</subfield>
    <subfield code="a">eng</subfield>
    <subfield code="a">spa</subfield>
    <subfield code="a">dut</subfield>
  </datafield>
  <datafield tag="410" ind1="2" ind2=" ">
    <subfield code="a">Université Lille 1</subfield>
  </datafield>
  <datafield tag="410" ind1="2" ind2=" ">
    <subfield code="a">Université Lille 1-sciences et technologie</subfield>
  </datafield>
  <datafield tag="410" ind1="2" ind2=" ">
    <subfield code="a">Université Lille 1-sciences et technologies</subfield>
  </datafield>
  <datafield tag="410" ind1="2" ind2=" ">
    <subfield code="a">Lille 1 University-Science and Technology</subfield>
  </datafield>
  <datafield tag="410" ind1="2" ind2=" ">
    <subfield code="a">Universidad Lille 1-Ciencias y Tecnologías</subfield>
  </datafield>
  <datafield tag="410" ind1="2" ind2=" ">
    <subfield code="a">Campus Lille 1-Wetenschap en Technologie</subfield>
  </datafield>
  <datafield tag="510" ind1="2" ind2=" ">
    <subfield code="w">r</subfield>
    <subfield code="i">Predecessor:</subfield>
    <subfield code="a">Université des sciences et technologies de Lille</subfield>
  </datafield>
  <datafield tag="510" ind1="2" ind2=" ">
    <subfield code="w">r</subfield>
    <subfield code="i">Successor:</subfield>
    <subfield code="a">Université de Lille, sciences et technologies</subfield>
  </datafield>
  <datafield tag="670" ind1=" " ind2=" ">
    <subfield code="a">Mobilités résidentielles, territoires et politiques publiques, 2014:</subfield>
    <subfield code="b">t.p. (Université Lille 1) p. 13 (Université Lille 1-sciences et technologie; Université Lille 1-sciences et technologies)</subfield>
  </datafield>
  <datafield tag="670" ind1=" " ind2=" ">
    <subfield code="a">Its www site, viewed 27 February 2015:</subfield>
    <subfield code="b">home page (Université de Lille 1, sciences et technologies; Lille 1 University-Science and Technology; Universidad Lille 1-Ciencias y Tecnologías; Campus Lille 1-Wetenschap en Technologie; address: Cité Scientifique 59655, Villeneuve d&apos;Ascq Cedex) history of the University page (the Université des sciences et technologies de Lille will be called from now on Université Lille 1, sciences et technologies) key facts and history page (previously Université des sciences et technologies de Lille; changed its name to Université Lille 1 in 2009)</subfield>
  </datafield>
</record>