
<record>
  <leader>01378cz  a2200277n  4500</leader>
  <controlfield tag="001">9842520</controlfield>
  <controlfield tag="003">DLC</controlfield>
  <controlfield tag="005">20200103073131.0</controlfield>
  <controlfield tag="008">150424n| azannaabn          |n aaa     c</controlfield>
  <datafield tag="010" ind1=" " ind2=" ">
    <subfield code="a">no2015054752</subfield>
  </datafield>
  <datafield tag="016" ind1=" " ind2=" ">
    <subfield code="a">1024J9798E</subfield>
  </datafield>
  <datafield tag="035" ind1=" " ind2=" ">
    <subfield code="a">(OCoLC)oca10148493</subfield>
  </datafield>
  <datafield tag="040" ind1=" " ind2=" ">
    <subfield code="a">NjP</subfield>
    <subfield code="b">eng</subfield>
    <subfield code="e">rda</subfield>
    <subfield code="c">NjP</subfield>
    <subfield code="d">DLC</subfield>
    <subfield code="d">CaOONL</subfield>
  </datafield>
  <datafield tag="042" ind1=" " ind2=" ">
    <subfield code="a">nlc</subfield>
  </datafield>
  <datafield tag="046" ind1=" " ind2=" ">
    <subfield code="f">1950</subfield>
    <subfield code="2">edtf</subfield>
  </datafield>
  <datafield tag="100" ind1="1" ind2=" ">
    <subfield code="a">Miller, Nancy Anne,</subfield>
    <subfield code="d">1950-</subfield>
  </datafield>
  <datafield tag="370" ind1=" " ind2=" ">
    <subfield code="c">United States</subfield>
    <subfield code="e">Bermuda Islands</subfield>
    <subfield code="e">Washington (Conn.)</subfield>
    <subfield code="f">Great Britain</subfield>
    <subfield code="2">naf</subfield>
  </datafield>
  <datafield tag="372" ind1=" " ind2=" ">
    <subfield code="a">Poetry</subfield>
    <subfield code="a">Creative writing</subfield>
    <subfield code="a">Teaching</subfield>
    <subfield code="2">lcsh</subfield>
  </datafield>
  <datafield tag="373" ind1=" " ind2=" ">
    <subfield code="a">University of Glasgow</subfield>
    <subfield code="2">naf</subfield>
  </datafield>
  <datafield tag="374" ind1=" " ind2=" ">
    <subfield code="a">Poets</subfield>
    <subfield code="a">Teachers</subfield>
    <subfield code="2">lcsh</subfield>
  </datafield>
  <datafield tag="375" ind1=" " ind2=" ">
    <subfield code="a">Females</subfield>
    <subfield code="2">lcdgt</subfield>
  </datafield>
  <datafield tag="377" ind1=" " ind2=" ">
    <subfield code="a">eng</subfield>
  </datafield>
  <datafield tag="670" ind1=" " ind2=" ">
    <subfield code="a">Somersault, 2015:</subfield>
    <subfield code="b">t.p. (Nancy Anne Miller) Canadian CIP (Miller, Nancy Anne, 1950-)</subfield>
  </datafield>
  <datafield tag="670" ind1=" " ind2=" ">
    <subfield code="a">Star map, 2016:</subfield>
    <subfield code="b">(Nancy Anne Miller) page 4 of cover (Nancy Anne Miller is a Bermudian poet with four books: Somersault, Because There Was No Sea, Immigrant&apos;s Autumn, and Water Logged. She is a MacDowell Fellow. She has an MLitt in Creative Writing from the University of Glasgow and teaches poetry workshops in Bermuda.)</subfield>
  </datafield>
  <datafield tag="670" ind1=" " ind2=" ">
    <subfield code="a">Guernica Editions website, viewed on January 2, 2020 :</subfield>
    <subfield code="b">Nancy Anne Miller page (Nancy Anne makes her home in the town of Washington, CT)</subfield>
    <subfield code="u">https://www.guernicaeditions.com/author/1127</subfield>
  </datafield>
  <datafield tag="670" ind1=" " ind2=" ">
    <subfield code="a">Canadiana, January 2, 2020</subfield>
    <subfield code="b">(heading: Miller, Nancy Anne, 1950-; American)</subfield>
  </datafield>
</record>