
<record>
  <leader>01225cz  a2200265n  4500</leader>
  <controlfield tag="001">9863777</controlfield>
  <controlfield tag="003">DLC</controlfield>
  <controlfield tag="005">20200103100444.0</controlfield>
  <controlfield tag="008">150414n| azannaabn          |a aaa      </controlfield>
  <datafield tag="010" ind1=" " ind2=" ">
    <subfield code="a">nb2015007275</subfield>
  </datafield>
  <datafield tag="035" ind1=" " ind2=" ">
    <subfield code="a">(Uk)009307410</subfield>
  </datafield>
  <datafield tag="040" ind1=" " ind2=" ">
    <subfield code="a">Uk</subfield>
    <subfield code="b">eng</subfield>
    <subfield code="e">rda</subfield>
    <subfield code="c">Uk</subfield>
    <subfield code="d">DLC</subfield>
  </datafield>
  <datafield tag="100" ind1="1" ind2=" ">
    <subfield code="a">Dolinov, Moris</subfield>
    <subfield code="q">(Moris Evseevich),</subfield>
    <subfield code="d">1892-1975</subfield>
  </datafield>
  <datafield tag="370" ind1=" " ind2=" ">
    <subfield code="c">Russia (Republic)</subfield>
    <subfield code="2">naf</subfield>
  </datafield>
  <datafield tag="372" ind1=" " ind2=" ">
    <subfield code="a">Journalism</subfield>
    <subfield code="2">lcsh</subfield>
  </datafield>
  <datafield tag="374" ind1=" " ind2=" ">
    <subfield code="a">Authors, Soviet</subfield>
    <subfield code="a">Dramatists, Soviet</subfield>
    <subfield code="a">Poets, Russian</subfield>
    <subfield code="a">Journalists</subfield>
    <subfield code="2">lcsh</subfield>
  </datafield>
  <datafield tag="375" ind1=" " ind2=" ">
    <subfield code="a">male</subfield>
  </datafield>
  <datafield tag="377" ind1=" " ind2=" ">
    <subfield code="a">rus</subfield>
  </datafield>
  <datafield tag="378" ind1=" " ind2=" ">
    <subfield code="q">Moris Evseevich</subfield>
  </datafield>
  <datafield tag="400" ind1="1" ind2=" ">
    <subfield code="a">Dolinov, Moris Evseevich,</subfield>
    <subfield code="d">1892-1975</subfield>
  </datafield>
  <datafield tag="400" ind1="1" ind2=" ">
    <subfield code="a">Долинов, Морис Евсеевич,</subfield>
    <subfield code="d">1892-1975</subfield>
  </datafield>
  <datafield tag="400" ind1="1" ind2=" ">
    <subfield code="a">Morido</subfield>
  </datafield>
  <datafield tag="670" ind1=" " ind2=" ">
    <subfield code="a">Ėkran, 1921-1922:</subfield>
    <subfield code="b">last page (editor of compilation Moris Dolinov)</subfield>
  </datafield>
  <datafield tag="670" ind1=" " ind2=" ">
    <subfield code="a">Fundamental electronic library, Russian literature and folklore website, viewed 14 April 2014.</subfield>
    <subfield code="b">(Moris Evseevich Dolinov or Morido is Russian author and journalist)</subfield>
  </datafield>
  <datafield tag="670" ind1=" " ind2=" ">
    <subfield code="a">Russian National Library card catalog online, viewed 03 January 2020:</subfield>
    <subfield code="b">(heading: Долинов, Морис Евсеевич, 1892-1975 = Dolinov, Moris Evseevich; usage: Morris Dolinov; author of Soviet poetry, plays, political literature, children&apos;s poetry)</subfield>
  </datafield>
</record>