
<record>
  <leader>00836cz  a2200205n  4500</leader>
  <controlfield tag="001">9889978</controlfield>
  <controlfield tag="003">DLC</controlfield>
  <controlfield tag="005">20200103073131.0</controlfield>
  <controlfield tag="008">150618n| azannaabn          |b aaa     c</controlfield>
  <datafield tag="010" ind1=" " ind2=" ">
    <subfield code="a">no2015080716</subfield>
  </datafield>
  <datafield tag="035" ind1=" " ind2=" ">
    <subfield code="a">(OCoLC)oca10196263</subfield>
  </datafield>
  <datafield tag="040" ind1=" " ind2=" ">
    <subfield code="a">PPiU</subfield>
    <subfield code="b">eng</subfield>
    <subfield code="e">rda</subfield>
    <subfield code="c">PPiU</subfield>
    <subfield code="d">InU</subfield>
  </datafield>
  <datafield tag="100" ind1="1" ind2=" ">
    <subfield code="a">Bychkov, D. M.</subfield>
    <subfield code="q">(Dmitriĭ Mikhaĭlovich)</subfield>
  </datafield>
  <datafield tag="375" ind1=" " ind2=" ">
    <subfield code="a">Males</subfield>
    <subfield code="2">lcdgt</subfield>
  </datafield>
  <datafield tag="377" ind1=" " ind2=" ">
    <subfield code="a">rus</subfield>
  </datafield>
  <datafield tag="400" ind1="1" ind2=" ">
    <subfield code="a">Бычков, Д. М.</subfield>
    <subfield code="q">(Дмитрий Михайлович)</subfield>
  </datafield>
  <datafield tag="400" ind1="1" ind2=" ">
    <subfield code="a">Bychkov, Dmitriĭ Mikhaĭlovich</subfield>
  </datafield>
  <datafield tag="400" ind1="1" ind2=" ">
    <subfield code="a">Бычков, Дмитрий Михайлович</subfield>
  </datafield>
  <datafield tag="667" ind1=" " ind2=" ">
    <subfield code="a">Non-Latin script references not evaluated.</subfield>
  </datafield>
  <datafield tag="670" ind1=" " ind2=" ">
    <subfield code="a">Agiograficheskiĭ diskurs v sovremennoĭ russkoĭ proze, 2014:</subfield>
    <subfield code="b">title page (Д.М. Бычков = D.M. Bychkov) colophon (Бычков Дмитрий Михайлович = Bychkov Dmitriĭ Mikhaĭlovich)</subfield>
  </datafield>
</record>