
<record>
  <leader>00735cz  a2200169n  4500</leader>
  <controlfield tag="001">9960443</controlfield>
  <controlfield tag="003">DLC</controlfield>
  <controlfield tag="005">20200103073131.0</controlfield>
  <controlfield tag="008">150911n| azannaabn          |n aaa     c</controlfield>
  <datafield tag="010" ind1=" " ind2=" ">
    <subfield code="a">no2015121327</subfield>
  </datafield>
  <datafield tag="035" ind1=" " ind2=" ">
    <subfield code="a">(OCoLC)oca10267602</subfield>
  </datafield>
  <datafield tag="040" ind1=" " ind2=" ">
    <subfield code="a">NcD</subfield>
    <subfield code="b">eng</subfield>
    <subfield code="e">rda</subfield>
    <subfield code="c">NcD</subfield>
    <subfield code="d">WU</subfield>
  </datafield>
  <datafield tag="046" ind1=" " ind2=" ">
    <subfield code="f">1982</subfield>
    <subfield code="2">edtf</subfield>
  </datafield>
  <datafield tag="100" ind1="1" ind2=" ">
    <subfield code="a">Peralta, Jorge Luis</subfield>
  </datafield>
  <datafield tag="373" ind1=" " ind2=" ">
    <subfield code="a">Universitat Autònoma de Barcelona</subfield>
    <subfield code="a">Universidad Nacional de La Plata</subfield>
    <subfield code="2">naf</subfield>
  </datafield>
  <datafield tag="670" ind1=" " ind2=" ">
    <subfield code="a">Las masculinidades en la transición, 2015:</subfield>
    <subfield code="b">title page (Jorge Luis Peralta) flap (doctorate in literary theory and comp. lit. from Univ. Aut. de Barcelona; currently postdoc at Univ. Nac. de La Plata)</subfield>
  </datafield>
  <datafield tag="670" ind1=" " ind2=" ">
    <subfield code="a">Antes del orgullo, ©2019:</subfield>
    <subfield code="b">title page (Jorge Luis Peralta) cover flap (born 1982 in Buenos Aires)</subfield>
  </datafield>
</record>