
<record>
  <leader>00736cz  a2200157n  4500</leader>
  <controlfield tag="001">10003897</controlfield>
  <controlfield tag="003">DLC</controlfield>
  <controlfield tag="005">20200103095758.0</controlfield>
  <controlfield tag="008">151102n| azannaabn          |n aaa     c</controlfield>
  <datafield tag="010" ind1=" " ind2=" ">
    <subfield code="a">no2015147002</subfield>
  </datafield>
  <datafield tag="035" ind1=" " ind2=" ">
    <subfield code="a">(OCoLC)oca10311138</subfield>
  </datafield>
  <datafield tag="040" ind1=" " ind2=" ">
    <subfield code="a">NjP</subfield>
    <subfield code="b">eng</subfield>
    <subfield code="e">rda</subfield>
    <subfield code="c">NjP</subfield>
    <subfield code="d">DLC</subfield>
  </datafield>
  <datafield tag="100" ind1="1" ind2=" ">
    <subfield code="a">Villarama, Jennifer</subfield>
  </datafield>
  <datafield tag="375" ind1=" " ind2=" ">
    <subfield code="a">female</subfield>
  </datafield>
  <datafield tag="377" ind1=" " ind2=" ">
    <subfield code="a">ger</subfield>
  </datafield>
  <datafield tag="670" ind1=" " ind2=" ">
    <subfield code="a">Die Amazone, 2015:</subfield>
    <subfield code="b">title page (Jennifer Villarama) back cover (studied German studies comparative literature, and history at the University of Kassel and the University of Bonn; worked as a research fellow at the University of Kassel and the University of Frankfurt am Main; worked as a coordinator for the DFG graduate college at the University of Kassel and the University of Göttingen)</subfield>
  </datafield>
</record>