
<record>
  <leader>00518cz  a2200169n  4500</leader>
  <controlfield tag="001">10031323</controlfield>
  <controlfield tag="003">DLC</controlfield>
  <controlfield tag="005">20200103105716.0</controlfield>
  <controlfield tag="008">151207n| azannaabn          |a aaa     c</controlfield>
  <datafield tag="010" ind1=" " ind2=" ">
    <subfield code="a">no2015162720</subfield>
  </datafield>
  <datafield tag="035" ind1=" " ind2=" ">
    <subfield code="a">(OCoLC)oca10338763</subfield>
  </datafield>
  <datafield tag="040" ind1=" " ind2=" ">
    <subfield code="a">MiEM</subfield>
    <subfield code="b">eng</subfield>
    <subfield code="e">rda</subfield>
    <subfield code="c">MiEM</subfield>
    <subfield code="d">DLC</subfield>
  </datafield>
  <datafield tag="053" ind1=" " ind2="0">
    <subfield code="a">PJ9269.G3355</subfield>
  </datafield>
  <datafield tag="100" ind1="0" ind2=" ">
    <subfield code="a">Ganānāw Katamā</subfield>
  </datafield>
  <datafield tag="400" ind1="1" ind2=" ">
    <subfield code="a">Katamā, Ganānāw</subfield>
  </datafield>
  <datafield tag="400" ind1="0" ind2=" ">
    <subfield code="a">Genanaw Ketema</subfield>
  </datafield>
  <datafield tag="670" ind1=" " ind2=" ">
    <subfield code="a">Feréw, 2014 or 2015:</subfield>
    <subfield code="b">title page (Ganānāw Katamā) pages v-vi (studied literature at Addis Ababa University)</subfield>
  </datafield>
</record>