
<record>
  <leader>00681cz  a2200169n  4500</leader>
  <controlfield tag="001">10100707</controlfield>
  <controlfield tag="003">DLC</controlfield>
  <controlfield tag="005">20200103073132.0</controlfield>
  <controlfield tag="008">160308n| azannaabn          |n aaa      </controlfield>
  <datafield tag="010" ind1=" " ind2=" ">
    <subfield code="a">n 2016182264</subfield>
  </datafield>
  <datafield tag="035" ind1=" " ind2=" ">
    <subfield code="a">(DNLM)1688720</subfield>
  </datafield>
  <datafield tag="035" ind1=" " ind2=" ">
    <subfield code="a">(OCoLC)oca10413297</subfield>
  </datafield>
  <datafield tag="040" ind1=" " ind2=" ">
    <subfield code="a">DNLM</subfield>
    <subfield code="b">eng</subfield>
    <subfield code="e">rda</subfield>
    <subfield code="c">DNLM</subfield>
    <subfield code="d">DNLM</subfield>
  </datafield>
  <datafield tag="100" ind1="1" ind2=" ">
    <subfield code="a">Coonar, Aman</subfield>
  </datafield>
  <datafield tag="378" ind1=" " ind2=" ">
    <subfield code="q">Aman S.</subfield>
  </datafield>
  <datafield tag="670" ind1=" " ind2=" ">
    <subfield code="a">Core topics in thoracic surgery, 2016:</subfield>
    <subfield code="b">ECIP t.p. (Aman Coonar, Consultant Thoracic Surgeon at Papworth Hospital, Cambridge, UK)</subfield>
  </datafield>
  <datafield tag="670" ind1=" " ind2=" ">
    <subfield code="a">Thoracic surgical techniques, 2018:</subfield>
    <subfield code="b">t.p. (Aman S. Coonar) t.p. verso (Cardiothoracic surgery, Royal Papworth Hospital, Cambridge University Health Partners, Cambridge, United Kingdom)</subfield>
  </datafield>
</record>