
<record>
  <leader>00789cz  a2200181n  4500</leader>
  <controlfield tag="001">10103423</controlfield>
  <controlfield tag="003">DLC</controlfield>
  <controlfield tag="005">20200103143444.0</controlfield>
  <controlfield tag="008">160309n| azannaabn          |n aaa     c</controlfield>
  <datafield tag="010" ind1=" " ind2=" ">
    <subfield code="a">no2016032487</subfield>
  </datafield>
  <datafield tag="035" ind1=" " ind2=" ">
    <subfield code="a">(OCoLC)oca10413818</subfield>
  </datafield>
  <datafield tag="040" ind1=" " ind2=" ">
    <subfield code="a">NN</subfield>
    <subfield code="b">eng</subfield>
    <subfield code="e">rda</subfield>
    <subfield code="c">NN</subfield>
    <subfield code="d">DLC</subfield>
  </datafield>
  <datafield tag="100" ind1="1" ind2=" ">
    <subfield code="a">Borges, Sueli</subfield>
  </datafield>
  <datafield tag="370" ind1=" " ind2=" ">
    <subfield code="c">Brazil</subfield>
    <subfield code="2">naf</subfield>
  </datafield>
  <datafield tag="373" ind1=" " ind2=" ">
    <subfield code="a">Universidade Federal da Bahia</subfield>
    <subfield code="a">Universidade do Salvador</subfield>
    <subfield code="2">naf</subfield>
  </datafield>
  <datafield tag="374" ind1=" " ind2=" ">
    <subfield code="a">Authors</subfield>
    <subfield code="2">lcsh</subfield>
  </datafield>
  <datafield tag="377" ind1=" " ind2=" ">
    <subfield code="a">por</subfield>
  </datafield>
  <datafield tag="670" ind1=" " ind2=" ">
    <subfield code="a">Chegou a hora dessa gente bronzeada mostrar seu valor: samba e brasilidade em Assis Valente, 2012:</subfield>
    <subfield code="b">t.p. (Sueli Borges) page 174 (has a masters in Ethnic and African studies (CEAO/UFBA); a degree in music; a bachelors in social service (UCSal); specialist in educational psychology, applied to the development of human resources (Famettig))</subfield>
  </datafield>
</record>