
<record>
  <leader>01589cz  a2200253n  4500</leader>
  <controlfield tag="001">10136013</controlfield>
  <controlfield tag="003">DLC</controlfield>
  <controlfield tag="005">20200103073132.0</controlfield>
  <controlfield tag="008">160415n| azannaabn          |a aaa     c</controlfield>
  <datafield tag="010" ind1=" " ind2=" ">
    <subfield code="a">no2016051891</subfield>
  </datafield>
  <datafield tag="035" ind1=" " ind2=" ">
    <subfield code="a">(OCoLC)oca10448402</subfield>
  </datafield>
  <datafield tag="040" ind1=" " ind2=" ">
    <subfield code="a">NN-MUS</subfield>
    <subfield code="b">eng</subfield>
    <subfield code="e">rda</subfield>
    <subfield code="c">NN-MUS</subfield>
    <subfield code="d">NN-MUS</subfield>
    <subfield code="d">MH-Mu</subfield>
  </datafield>
  <datafield tag="046" ind1=" " ind2=" ">
    <subfield code="k">1717</subfield>
    <subfield code="2">edtf</subfield>
  </datafield>
  <datafield tag="100" ind1="1" ind2=" ">
    <subfield code="a">Telemann, Georg Philipp,</subfield>
    <subfield code="d">1681-1767.</subfield>
    <subfield code="t">Was betrübst du dich, meine Seele,</subfield>
    <subfield code="n">TVWV 1:1505</subfield>
  </datafield>
  <datafield tag="380" ind1=" " ind2=" ">
    <subfield code="a">Cantatas</subfield>
    <subfield code="2">lcgft</subfield>
  </datafield>
  <datafield tag="382" ind1="1" ind2=" ">
    <subfield code="b">soprano voice</subfield>
    <subfield code="n">1</subfield>
    <subfield code="b">alto voice</subfield>
    <subfield code="n">1</subfield>
    <subfield code="b">tenor voice</subfield>
    <subfield code="n">1</subfield>
    <subfield code="b">bass voice</subfield>
    <subfield code="n">1</subfield>
    <subfield code="a">mixed chorus</subfield>
    <subfield code="v">SATB</subfield>
    <subfield code="a">orchestra</subfield>
    <subfield code="2">lcmpt</subfield>
  </datafield>
  <datafield tag="383" ind1=" " ind2=" ">
    <subfield code="c">TVWV 1:1505</subfield>
    <subfield code="d">Menke</subfield>
    <subfield code="2">mlati</subfield>
  </datafield>
  <datafield tag="384" ind1="0" ind2=" ">
    <subfield code="a">A minor</subfield>
  </datafield>
  <datafield tag="400" ind1="1" ind2=" ">
    <subfield code="a">Telemann, Georg Philipp,</subfield>
    <subfield code="d">1681-1767.</subfield>
    <subfield code="t">Kantate zum 7. Sonntag nach Trinitatis,</subfield>
    <subfield code="n">TVWV 1:1505</subfield>
  </datafield>
  <datafield tag="400" ind1="1" ind2=" ">
    <subfield code="a">Telemann, Georg Philipp,</subfield>
    <subfield code="d">1681-1767.</subfield>
    <subfield code="t">Kantate zum siebenten Sonntag nach Trinitatis,</subfield>
    <subfield code="n">TVWV 1:1505</subfield>
  </datafield>
  <datafield tag="400" ind1="1" ind2=" ">
    <subfield code="a">Telemann, Georg Philipp,</subfield>
    <subfield code="d">1681-1767.</subfield>
    <subfield code="t">Cantatas,</subfield>
    <subfield code="n">TVWV 1:1505</subfield>
  </datafield>
  <datafield tag="670" ind1=" " ind2=" ">
    <subfield code="a">Telemann, Georg Philipp. Was betrübst du dich, meine Seele, 2013:</subfield>
    <subfield code="b">title page (Was betrübst du dich, meine Seele : Kantate zum 7. Sonntag nach Trinitatis für Canto-, Alto-, Tenor- und Basso-Solo, vierstimmigen gemischten Chor, 2 Oboen, 2 Violinen, Viola und Basso continuo : TVWV 1:1505 : Jahrgang &quot;Gottfried Simonis Neues Lied&quot; 1720/1721, Nr. 51) first page of music (in A minor)</subfield>
  </datafield>
  <datafield tag="670" ind1=" " ind2=" ">
    <subfield code="a">Grove music online, April 14, 2016</subfield>
    <subfield code="b">(under Church cantatas. Was betrübst du dich, meine Seele (Simonis), 1717, 1:1505)</subfield>
  </datafield>
  <datafield tag="670" ind1=" " ind2=" ">
    <subfield code="a">TVWV</subfield>
    <subfield code="b">(1:1505. Was betrübst du dich, meine Seele; 7. n. Trinit. 1717; Textdichter: Simonis; 1 other work with this title)</subfield>
  </datafield>
</record>