
<record>
  <leader>02604cz  a2200385n  4500</leader>
  <controlfield tag="001">10141899</controlfield>
  <controlfield tag="003">DLC</controlfield>
  <controlfield tag="005">20200103162155.0</controlfield>
  <controlfield tag="008">160422n| azannaabn          |a aaa     c</controlfield>
  <datafield tag="010" ind1=" " ind2=" ">
    <subfield code="a">no2016054846</subfield>
  </datafield>
  <datafield tag="035" ind1=" " ind2=" ">
    <subfield code="a">(OCoLC)oca10453997</subfield>
  </datafield>
  <datafield tag="040" ind1=" " ind2=" ">
    <subfield code="a">TxU</subfield>
    <subfield code="b">eng</subfield>
    <subfield code="e">rda</subfield>
    <subfield code="c">TxU</subfield>
    <subfield code="d">DLC</subfield>
  </datafield>
  <datafield tag="100" ind1="1" ind2=" ">
    <subfield code="a">Gil Quiroga, Mauricio</subfield>
  </datafield>
  <datafield tag="370" ind1=" " ind2=" ">
    <subfield code="f">La Paz (Bolivia)</subfield>
    <subfield code="2">naf</subfield>
  </datafield>
  <datafield tag="370" ind1=" " ind2=" ">
    <subfield code="f">Mexico City (Mexico)</subfield>
    <subfield code="2">naf</subfield>
  </datafield>
  <datafield tag="371" ind1=" " ind2=" ">
    <subfield code="m">cides@cides.edu.bo</subfield>
  </datafield>
  <datafield tag="372" ind1=" " ind2=" ">
    <subfield code="a">Philosophy</subfield>
  </datafield>
  <datafield tag="372" ind1=" " ind2=" ">
    <subfield code="a">Literature</subfield>
  </datafield>
  <datafield tag="372" ind1=" " ind2=" ">
    <subfield code="a">Latin American studies</subfield>
  </datafield>
  <datafield tag="372" ind1=" " ind2=" ">
    <subfield code="a">Intellectual history</subfield>
  </datafield>
  <datafield tag="372" ind1=" " ind2=" ">
    <subfield code="a">Epistemology of human and social sciences</subfield>
  </datafield>
  <datafield tag="372" ind1=" " ind2=" ">
    <subfield code="a">Zavaleta Mercado, René</subfield>
    <subfield code="2">naf</subfield>
  </datafield>
  <datafield tag="373" ind1=" " ind2=" ">
    <subfield code="a">Universidad Nacional Autónoma de México</subfield>
    <subfield code="2">naf</subfield>
  </datafield>
  <datafield tag="373" ind1=" " ind2=" ">
    <subfield code="a">Universidad Mayor de San Andrés, Post Grado en Ciencias del Desarrollo</subfield>
    <subfield code="2">naf</subfield>
  </datafield>
  <datafield tag="374" ind1=" " ind2=" ">
    <subfield code="a">Professor</subfield>
    <subfield code="a">Researcher</subfield>
    <subfield code="a">Political scientist</subfield>
  </datafield>
  <datafield tag="375" ind1=" " ind2=" ">
    <subfield code="a">Males</subfield>
    <subfield code="2">lcdgt</subfield>
  </datafield>
  <datafield tag="377" ind1=" " ind2=" ">
    <subfield code="a">spa</subfield>
  </datafield>
  <datafield tag="400" ind1="1" ind2=" ">
    <subfield code="a">Quiroga, Mauricio Gil</subfield>
  </datafield>
  <datafield tag="400" ind1="1" ind2=" ">
    <subfield code="a">Gil, Mauricio</subfield>
  </datafield>
  <datafield tag="400" ind1="1" ind2=" ">
    <subfield code="a">Gil Q., Mauricio</subfield>
    <subfield code="q">(Gil Quiroga)</subfield>
  </datafield>
  <datafield tag="670" ind1=" " ind2=" ">
    <subfield code="a">La politización en la diferencia, mayo de 2015:</subfield>
    <subfield code="b">title page, etc. (Mauricio Gil Quiroga; coauthor is Ivonne Farah Henrich [affiliated with CIDES-UMSA])</subfield>
  </datafield>
  <datafield tag="670" ind1=" " ind2=" ">
    <subfield code="a">Fronteiras abertas da América Latina, 2012:</subfield>
    <subfield code="b">page 286 (Mauricio Gil Quiroga; licenciado in philosophy; postgraduate studies in political science, philosophy, and literature; Ph.D. in Latin American studies, Universidad Nacional Autónoma de México; professor and researcher affiliated with CIDES-UMSA in philosophy and political science; specialist in intellectual history and the epistemology of human and social sciences; author of Desarrollo capitalista y plus-de-goce (2011), Sociología de los  intelectuales y teoría de la ideología (2009), Sobre ética y moral a propósito de Cartilla Moral de A. Reyes (2006), and Zavaleta Mercado : ensayo de biografía intelectual (2006))</subfield>
    <subfield code="u">http://biblioteca.clacso.edu.ar/clacso/coediciones/20130206022924/FronteirasAbertas.pdf</subfield>
  </datafield>
  <datafield tag="670" ind1=" " ind2=" ">
    <subfield code="a">Umbrales, no. 21, diciembre 2010:</subfield>
    <subfield code="b">page 4 (Mauricio Gil; Ph.D. candidate in Latin American studies, Universidad Nacional Autónoma de México; affiliated with the Maestría en Estudios Criticos del Desarrollo of CIDES-UMSA)</subfield>
    <subfield code="u">http://bibliotecavirtual.clacso.org.ar/Bolivia/cides-umsa/20110423010026/Umbrales21.pdf</subfield>
  </datafield>
  <datafield tag="670" ind1=" " ind2=" ">
    <subfield code="a">Conciencia desdichada y autodeterminación de masa, 2016:</subfield>
    <subfield code="b">title page (Mauricio Gil Q.; published by CIDES UMSA; work is about Zavaleta Mercado)</subfield>
  </datafield>
  <datafield tag="670" ind1=" " ind2=" ">
    <subfield code="a">CIDES UMSA website, January 3, 2020:</subfield>
    <subfield code="b">(cides@cides.edu.bo)</subfield>
    <subfield code="u">http://www.cides.edu.bo/webcides2/index.php</subfield>
  </datafield>
</record>