
<record>
  <leader>00902cz  a2200205n  4500</leader>
  <controlfield tag="001">10143193</controlfield>
  <controlfield tag="003">DLC</controlfield>
  <controlfield tag="005">20200103073132.0</controlfield>
  <controlfield tag="008">160425n| azannaabn          |b aaa     c</controlfield>
  <datafield tag="010" ind1=" " ind2=" ">
    <subfield code="a">no2016055519</subfield>
  </datafield>
  <datafield tag="035" ind1=" " ind2=" ">
    <subfield code="a">(OCoLC)oca10455300</subfield>
  </datafield>
  <datafield tag="040" ind1=" " ind2=" ">
    <subfield code="a">NcU</subfield>
    <subfield code="b">eng</subfield>
    <subfield code="e">rda</subfield>
    <subfield code="c">NcU</subfield>
    <subfield code="d">WaU</subfield>
  </datafield>
  <datafield tag="100" ind1="1" ind2=" ">
    <subfield code="a">Ḥusayn, Nūrā Rāʼid</subfield>
  </datafield>
  <datafield tag="377" ind1=" " ind2=" ">
    <subfield code="a">ara</subfield>
  </datafield>
  <datafield tag="400" ind1="1" ind2=" ">
    <subfield code="a">ʻAlī, Nūrā Rāʼid Ḥusayn</subfield>
  </datafield>
  <datafield tag="400" ind1="1" ind2=" ">
    <subfield code="a">حسين، نورا رائد</subfield>
  </datafield>
  <datafield tag="400" ind1="1" ind2=" ">
    <subfield code="a">علي، نورا رائد حسين</subfield>
  </datafield>
  <datafield tag="667" ind1=" " ind2=" ">
    <subfield code="a">Non-Latin script references not evaluated.</subfield>
  </datafield>
  <datafield tag="670" ind1=" " ind2=" ">
    <subfield code="a">Mawqif al-Mamlakah al-Urdunīyah al-Hāshimīyah min al-qaḍīyah al-Filasṭīnīyah, 1973-1994, 2016:</subfield>
    <subfield code="b">title page (Nūrā Rāʼid Ḥusayn = نورا رائد حسين)</subfield>
  </datafield>
  <datafield tag="670" ind1=" " ind2=" ">
    <subfield code="a">al-ʻAlāqāt al-siyāsīyah al-Urdunīyah-al-Filasṭīnīyah, 1967, 2016:</subfield>
    <subfield code="b">title page (نورا رائد حسين علي = Nūrā Rāʼid Ḥusayn ʻAlī)</subfield>
  </datafield>
</record>