
<record>
  <leader>00881cz  a2200229n  4500</leader>
  <controlfield tag="001">10145580</controlfield>
  <controlfield tag="003">DLC</controlfield>
  <controlfield tag="005">20200103073132.0</controlfield>
  <controlfield tag="008">160427n| azannaabn          |b aaa     c</controlfield>
  <datafield tag="010" ind1=" " ind2=" ">
    <subfield code="a">no2016056337</subfield>
  </datafield>
  <datafield tag="035" ind1=" " ind2=" ">
    <subfield code="a">(OCoLC)oca10456888</subfield>
  </datafield>
  <datafield tag="040" ind1=" " ind2=" ">
    <subfield code="a">MH-HY</subfield>
    <subfield code="b">eng</subfield>
    <subfield code="e">rda</subfield>
    <subfield code="c">MH-HY</subfield>
    <subfield code="d">MH-HY</subfield>
    <subfield code="d">HU</subfield>
    <subfield code="d">MH-HY</subfield>
  </datafield>
  <datafield tag="100" ind1="1" ind2=" ">
    <subfield code="a">Yang, Xiujun</subfield>
    <subfield code="c">(Professor of psychology)</subfield>
  </datafield>
  <datafield tag="370" ind1=" " ind2=" ">
    <subfield code="c">China</subfield>
    <subfield code="e">Shanghai (China)</subfield>
    <subfield code="2">naf</subfield>
  </datafield>
  <datafield tag="372" ind1=" " ind2=" ">
    <subfield code="a">Psychology</subfield>
    <subfield code="2">lcsh</subfield>
  </datafield>
  <datafield tag="373" ind1=" " ind2=" ">
    <subfield code="a">Shanghai da xue she hui ke xue xue yuan</subfield>
  </datafield>
  <datafield tag="374" ind1=" " ind2=" ">
    <subfield code="a">College teachers</subfield>
    <subfield code="2">lcsh</subfield>
  </datafield>
  <datafield tag="375" ind1=" " ind2=" ">
    <subfield code="a">Females</subfield>
    <subfield code="2">lcdgt</subfield>
  </datafield>
  <datafield tag="377" ind1=" " ind2=" ">
    <subfield code="a">chi</subfield>
  </datafield>
  <datafield tag="400" ind1="1" ind2=" ">
    <subfield code="a">杨秀君</subfield>
    <subfield code="c">(Professor of psychology)</subfield>
  </datafield>
  <datafield tag="667" ind1=" " ind2=" ">
    <subfield code="a">Non-Latin script reference not evaluated.</subfield>
  </datafield>
  <datafield tag="670" ind1=" " ind2=" ">
    <subfield code="a">Xin li su zhi yu ren sheng, 2016</subfield>
    <subfield code="b">title page (杨秀君 = Yang Xiujun) front flap and preface (PH.D. from Hua dong shi fan da xue xin li xue xi; visiting scholar of Harvard University, 8/30/2014 - 8/29/2015)</subfield>
  </datafield>
</record>