
<record>
  <leader>01292cz  a2200181n  4500</leader>
  <controlfield tag="001">10171018</controlfield>
  <controlfield tag="003">DLC</controlfield>
  <controlfield tag="005">20200103151044.0</controlfield>
  <controlfield tag="008">160527n| azannaabn          |n aaa      </controlfield>
  <datafield tag="010" ind1=" " ind2=" ">
    <subfield code="a">n 2016029016</subfield>
  </datafield>
  <datafield tag="040" ind1=" " ind2=" ">
    <subfield code="a">DLC</subfield>
    <subfield code="b">eng</subfield>
    <subfield code="e">rda</subfield>
    <subfield code="c">DLC</subfield>
    <subfield code="d">DLC</subfield>
  </datafield>
  <datafield tag="100" ind1="1" ind2=" ">
    <subfield code="a">Otto, Marta</subfield>
  </datafield>
  <datafield tag="372" ind1=" " ind2=" ">
    <subfield code="a">Labor laws and legislation</subfield>
    <subfield code="2">lcsh</subfield>
  </datafield>
  <datafield tag="374" ind1=" " ind2=" ">
    <subfield code="a">Law teachers</subfield>
    <subfield code="2">lcsh</subfield>
  </datafield>
  <datafield tag="375" ind1=" " ind2=" ">
    <subfield code="a">Females</subfield>
    <subfield code="2">lcsh</subfield>
  </datafield>
  <datafield tag="670" ind1=" " ind2=" ">
    <subfield code="a">The right to privacy in employment, 2016:</subfield>
    <subfield code="b">ECIP t.p. (Marta Otto) data view (research associate at the Institute for Civil and Labour Law at Goethe University Frankfurt am Main)</subfield>
  </datafield>
  <datafield tag="670" ind1=" " ind2=" ">
    <subfield code="a">Precarious work, 2019:</subfield>
    <subfield code="b">t.p. (&quot;Marta Otto, University of Lodz, Poland&quot;).</subfield>
  </datafield>
  <datafield tag="670" ind1=" " ind2=" ">
    <subfield code="a">Uniwersytet Łódzki. Wydział Prawa i Administracji website, viewed 1/3/2020</subfield>
    <subfield code="b">(&quot;Dr. Marta Otto, Assistant Professor  Institute of Social Security Law and Social Policy, LL.M.  in Comparative, European and International Laws degree and a PhD degree from the Department of Law of the European University Institute (Florence, Italy). She is a former scholar of the International Society for Labour Law and Social Security Law, COMPTRASEC (Centre de droit comparé du travail et de la sécurité sociale) (Bordeaux, France) , and CRiMT (Centre de recherche interuniversitaire sur la mondialisation et le travail), (Montreal, Canada)&quot;).</subfield>
  </datafield>
</record>