
<record>
  <leader>01146cz  a2200253n  4500</leader>
  <controlfield tag="001">10183215</controlfield>
  <controlfield tag="003">DLC</controlfield>
  <controlfield tag="005">20200103073133.0</controlfield>
  <controlfield tag="008">160613n| azannaabn          |a aaa     c</controlfield>
  <datafield tag="010" ind1=" " ind2=" ">
    <subfield code="a">no2016078779</subfield>
  </datafield>
  <datafield tag="035" ind1=" " ind2=" ">
    <subfield code="a">(OCoLC)oca10497770</subfield>
  </datafield>
  <datafield tag="040" ind1=" " ind2=" ">
    <subfield code="a">AzTeS</subfield>
    <subfield code="b">eng</subfield>
    <subfield code="e">rda</subfield>
    <subfield code="c">AzTeS</subfield>
    <subfield code="d">UPB</subfield>
  </datafield>
  <datafield tag="046" ind1=" " ind2=" ">
    <subfield code="f">1981</subfield>
    <subfield code="2">edtf</subfield>
  </datafield>
  <datafield tag="053" ind1=" " ind2="0">
    <subfield code="a">PQ7298.417.A737167</subfield>
  </datafield>
  <datafield tag="053" ind1=" " ind2="0">
    <subfield code="a">PQ7298.417.A737135</subfield>
  </datafield>
  <datafield tag="100" ind1="1" ind2=" ">
    <subfield code="a">García Rodríguez, Raúl,</subfield>
    <subfield code="d">1981-</subfield>
  </datafield>
  <datafield tag="370" ind1=" " ind2=" ">
    <subfield code="a">Zacatecas (Zacatecas, Mexico)</subfield>
    <subfield code="2">naf</subfield>
  </datafield>
  <datafield tag="374" ind1=" " ind2=" ">
    <subfield code="a">Journalists</subfield>
    <subfield code="2">lcdgt</subfield>
  </datafield>
  <datafield tag="374" ind1=" " ind2=" ">
    <subfield code="a">Poets</subfield>
    <subfield code="2">lcsh</subfield>
  </datafield>
  <datafield tag="375" ind1=" " ind2=" ">
    <subfield code="a">Males</subfield>
    <subfield code="2">lcdgt</subfield>
  </datafield>
  <datafield tag="400" ind1="1" ind2=" ">
    <subfield code="a">Rodríguez, Raúl García,</subfield>
    <subfield code="d">1981-</subfield>
  </datafield>
  <datafield tag="400" ind1="1" ind2=" ">
    <subfield code="a">García, Raúl,</subfield>
    <subfield code="d">1981-</subfield>
  </datafield>
  <datafield tag="670" ind1=" " ind2=" ">
    <subfield code="a">De cuerpo presente, 2015:</subfield>
    <subfield code="b">t.p. (Raúl García Rodríguez)</subfield>
  </datafield>
  <datafield tag="670" ind1=" " ind2=" ">
    <subfield code="a">La Jornada de Zacatecas 25 Feb. 2016 WWW, viewed 6 June 2016:</subfield>
    <subfield code="b">Presentan De cuerpo presente del periodista zacatecano Raúl García (Raúl García, born 1981 in Zacatecas, Zacatecas; has been a journalist for 10 years; he is currently working for El Sol de Zacatecas; De cuerpo presente is his new book of poetry)</subfield>
    <subfield code="u">http://ljz.mx/2016/02/25/presentan-de-cuerpo-presente-del-periodista-zacatecano-raul-garcia/</subfield>
  </datafield>
</record>