
<record>
  <leader>01653cz  a2200325n  4500</leader>
  <controlfield tag="001">10199217</controlfield>
  <controlfield tag="003">DLC</controlfield>
  <controlfield tag="005">20200103073133.0</controlfield>
  <controlfield tag="008">160705n| azannaabn          |b aaa      </controlfield>
  <datafield tag="010" ind1=" " ind2=" ">
    <subfield code="a">n 2016036418</subfield>
  </datafield>
  <datafield tag="035" ind1=" " ind2=" ">
    <subfield code="a">(OCoLC)oca10517066</subfield>
  </datafield>
  <datafield tag="040" ind1=" " ind2=" ">
    <subfield code="a">DLC</subfield>
    <subfield code="b">eng</subfield>
    <subfield code="e">rda</subfield>
    <subfield code="c">DLC</subfield>
    <subfield code="d">HkCU</subfield>
  </datafield>
  <datafield tag="046" ind1=" " ind2=" ">
    <subfield code="f">1891</subfield>
    <subfield code="g">1974-05-03</subfield>
    <subfield code="2">edtf</subfield>
  </datafield>
  <datafield tag="100" ind1="1" ind2=" ">
    <subfield code="a">Huang, Yanqing,</subfield>
    <subfield code="d">1891-1974</subfield>
  </datafield>
  <datafield tag="370" ind1=" " ind2=" ">
    <subfield code="f">Gaoyao Shi (China)</subfield>
    <subfield code="2">naf</subfield>
  </datafield>
  <datafield tag="372" ind1=" " ind2=" ">
    <subfield code="a">Education</subfield>
    <subfield code="a">Charities</subfield>
    <subfield code="2">lcsh</subfield>
  </datafield>
  <datafield tag="374" ind1=" " ind2=" ">
    <subfield code="a">Journalists</subfield>
    <subfield code="a">Newspaper editors</subfield>
    <subfield code="a">Teachers</subfield>
    <subfield code="a">School principals</subfield>
    <subfield code="2">lcsh</subfield>
  </datafield>
  <datafield tag="375" ind1=" " ind2=" ">
    <subfield code="a">Males</subfield>
    <subfield code="2">lcdgt</subfield>
  </datafield>
  <datafield tag="400" ind1="1" ind2=" ">
    <subfield code="a">Wong, Yin Ching,</subfield>
    <subfield code="d">1891-1974</subfield>
  </datafield>
  <datafield tag="400" ind1="1" ind2=" ">
    <subfield code="a">Wong, Yan Ching,</subfield>
    <subfield code="d">1891-1974</subfield>
  </datafield>
  <datafield tag="400" ind1="1" ind2=" ">
    <subfield code="a">黄燕清,</subfield>
    <subfield code="d">1891-1974</subfield>
  </datafield>
  <datafield tag="400" ind1="1" ind2=" ">
    <subfield code="a">黄俊英,</subfield>
    <subfield code="d">1891-1974</subfield>
  </datafield>
  <datafield tag="400" ind1="1" ind2=" ">
    <subfield code="a">Huang, Junying,</subfield>
    <subfield code="d">1891-1974</subfield>
  </datafield>
  <datafield tag="400" ind1="1" ind2=" ">
    <subfield code="a">黄熊彪,</subfield>
    <subfield code="d">1891-1974</subfield>
  </datafield>
  <datafield tag="400" ind1="1" ind2=" ">
    <subfield code="a">Huang, Xiongbiao,</subfield>
    <subfield code="d">1891-1974</subfield>
  </datafield>
  <datafield tag="400" ind1="1" ind2=" ">
    <subfield code="a">黄言情,</subfield>
    <subfield code="d">1891-1974</subfield>
  </datafield>
  <datafield tag="667" ind1=" " ind2=" ">
    <subfield code="a">Non-Latin script references not evaluated</subfield>
  </datafield>
  <datafield tag="670" ind1=" " ind2=" ">
    <subfield code="a">Xianggang zhang gu, 1958:</subfield>
    <subfield code="b">t.p. (黄燕清 = Huang Yanqing)</subfield>
  </datafield>
  <datafield tag="670" ind1=" " ind2=" ">
    <subfield code="a">Hong Kong stories in 1900s, 2012:</subfield>
    <subfield code="b">t.p. (Wong Yin-ching) about the original author (Mr. Wong Yin Ching (黄燕清, 1891 to 3rd May, 1974), Hong Kong&apos;s pro-communist jounrnalist, original author of Xianggang zhang gu published in 1958)</subfield>
  </datafield>
  <datafield tag="670" ind1=" " ind2=" ">
    <subfield code="a">Xianggang Hua ren ming ren shi lüe, 1937:</subfield>
    <subfield code="b">p. 93 (黄燕清 = Huang Yanqing, Wong Yan Ching [in rom.], zi [courtesy name]: 俊英 = Junying, other names: 熊彪 = Xiongbiao, 言情 = Yanqing; native of Gaoyao, Guangdong; male) p. 94 (newspaper editor, journalist, educator, school teacher and principal, famous in social and charitable affairs, made great effort in forming the Republic of China)</subfield>
  </datafield>
</record>