
<record>
  <leader>00787cz  a2200193n  4500</leader>
  <controlfield tag="001">10311271</controlfield>
  <controlfield tag="003">DLC</controlfield>
  <controlfield tag="005">20200103073133.0</controlfield>
  <controlfield tag="008">161116n| azannaabn          |n aaa     c</controlfield>
  <datafield tag="010" ind1=" " ind2=" ">
    <subfield code="a">no2016154530</subfield>
  </datafield>
  <datafield tag="016" ind1=" " ind2=" ">
    <subfield code="a">1019F8347E</subfield>
  </datafield>
  <datafield tag="035" ind1=" " ind2=" ">
    <subfield code="a">(OCoLC)oca10634591</subfield>
  </datafield>
  <datafield tag="040" ind1=" " ind2=" ">
    <subfield code="a">CSt-Law</subfield>
    <subfield code="b">eng</subfield>
    <subfield code="e">rda</subfield>
    <subfield code="c">CSt-Law</subfield>
    <subfield code="d">CaOONL</subfield>
  </datafield>
  <datafield tag="042" ind1=" " ind2=" ">
    <subfield code="a">nlc</subfield>
  </datafield>
  <datafield tag="100" ind1="1" ind2=" ">
    <subfield code="a">Kerzner, David S.</subfield>
  </datafield>
  <datafield tag="373" ind1=" " ind2=" ">
    <subfield code="a">Monash University. David Syme Business School</subfield>
    <subfield code="2">naf</subfield>
  </datafield>
  <datafield tag="374" ind1=" " ind2=" ">
    <subfield code="a">Lawyers</subfield>
    <subfield code="2">lcdgt</subfield>
  </datafield>
  <datafield tag="670" ind1=" " ind2=" ">
    <subfield code="a">International tax evasion in the global information age, 2016:</subfield>
    <subfield code="b">title page (David Kerzner, bars of New York, Ontario; Roll of Solicitors of England and Wales; fellow, Taxation Law and Policy Research Group, Monash Business School, Monash University)</subfield>
  </datafield>
  <datafield tag="670" ind1=" " ind2=" ">
    <subfield code="a">LAC in VIAF, November 16, 2016</subfield>
    <subfield code="b">(access point: Kerzner, David S.)</subfield>
  </datafield>
</record>