
<record>
  <leader>01588cz  a2200289n  4500</leader>
  <controlfield tag="001">10319370</controlfield>
  <controlfield tag="003">DLC</controlfield>
  <controlfield tag="005">20200103073133.0</controlfield>
  <controlfield tag="008">161128n| azannaabn          |a aaa     c</controlfield>
  <datafield tag="010" ind1=" " ind2=" ">
    <subfield code="a">no2016159221</subfield>
  </datafield>
  <datafield tag="035" ind1=" " ind2=" ">
    <subfield code="a">(OCoLC)oca10643472</subfield>
  </datafield>
  <datafield tag="040" ind1=" " ind2=" ">
    <subfield code="a">NNFr</subfield>
    <subfield code="b">eng</subfield>
    <subfield code="e">rda</subfield>
    <subfield code="c">NNFr</subfield>
    <subfield code="d">ScU</subfield>
    <subfield code="d">GVaS</subfield>
  </datafield>
  <datafield tag="100" ind1="1" ind2=" ">
    <subfield code="a">Hermo, Carmen</subfield>
  </datafield>
  <datafield tag="370" ind1=" " ind2=" ">
    <subfield code="c">United States</subfield>
    <subfield code="f">Brooklyn (New York, N.Y.)</subfield>
    <subfield code="f">New York (N.Y.)</subfield>
    <subfield code="f">Newark (N.J.)</subfield>
    <subfield code="f">Richmond (Va.)</subfield>
    <subfield code="2">naf</subfield>
  </datafield>
  <datafield tag="372" ind1=" " ind2=" ">
    <subfield code="a">Art-History</subfield>
    <subfield code="a">Authorship</subfield>
    <subfield code="a">Exhibitions</subfield>
    <subfield code="a">Art museums--Curatorship</subfield>
    <subfield code="a">Art, Modern--21st century</subfield>
    <subfield code="2">lcsh</subfield>
  </datafield>
  <datafield tag="373" ind1=" " ind2=" ">
    <subfield code="a">Elizabeth A. Sackler Center for Feminist Art</subfield>
    <subfield code="2">naf</subfield>
  </datafield>
  <datafield tag="373" ind1=" " ind2=" ">
    <subfield code="a">Solomon R. Guggenheim Museum</subfield>
    <subfield code="2">naf</subfield>
  </datafield>
  <datafield tag="373" ind1=" " ind2=" ">
    <subfield code="a">Whitney Museum of American Art</subfield>
    <subfield code="2">naf</subfield>
  </datafield>
  <datafield tag="373" ind1=" " ind2=" ">
    <subfield code="a">City without Walls Gallery (Newark, N.J.)</subfield>
    <subfield code="2">naf</subfield>
  </datafield>
  <datafield tag="373" ind1=" " ind2=" ">
    <subfield code="a">Hunter College</subfield>
    <subfield code="2">naf</subfield>
    <subfield code="s">2014</subfield>
    <subfield code="t">2017</subfield>
  </datafield>
  <datafield tag="373" ind1=" " ind2=" ">
    <subfield code="a">University of Richmond</subfield>
    <subfield code="2">naf</subfield>
    <subfield code="s">2003</subfield>
    <subfield code="t">2007</subfield>
  </datafield>
  <datafield tag="374" ind1=" " ind2=" ">
    <subfield code="a">Art historians</subfield>
    <subfield code="a">Art museum curators</subfield>
    <subfield code="a">Authors, American</subfield>
    <subfield code="2">lcsh</subfield>
  </datafield>
  <datafield tag="375" ind1=" " ind2=" ">
    <subfield code="a">Females</subfield>
    <subfield code="2">lcdgt</subfield>
  </datafield>
  <datafield tag="377" ind1=" " ind2=" ">
    <subfield code="a">eng</subfield>
  </datafield>
  <datafield tag="510" ind1="2" ind2=" ">
    <subfield code="w">r</subfield>
    <subfield code="i">Employer:</subfield>
    <subfield code="a">Elizabeth A. Sackler Center for Feminist Art</subfield>
  </datafield>
  <datafield tag="670" ind1=" " ind2=" ">
    <subfield code="a">We wanted a revolution, 2017:</subfield>
    <subfield code="b">ECIP title page (texts by Carmen Hermo)</subfield>
  </datafield>
  <datafield tag="670" ind1=" " ind2=" ">
    <subfield code="a">LinkedIn, viewed November 28, 2016</subfield>
    <subfield code="b">(Carmen Hermo; Assistant Curator, Elizabeth A. Sackler Center for Feminist Art at Brooklyn Museum; previous, Guggenheim Museum, Whitney Museum of American Art, City Without Walls Gallery, Newark, NJ; Education, University of Richmond, Bachelor of Arts (2003-2007); City University of New York-Hunter College, M.A., Art History (2014-2017); skills, museums, curating, contemporary art, art exhibitions)</subfield>
  </datafield>
</record>