
<record>
  <leader>01500cz  a2200277n  4500</leader>
  <controlfield tag="001">10319384</controlfield>
  <controlfield tag="003">DLC</controlfield>
  <controlfield tag="005">20200103073134.0</controlfield>
  <controlfield tag="008">161128n| azannaabn          |a aaa     c</controlfield>
  <datafield tag="010" ind1=" " ind2=" ">
    <subfield code="a">no2016159242</subfield>
  </datafield>
  <datafield tag="035" ind1=" " ind2=" ">
    <subfield code="a">(OCoLC)oca10643493</subfield>
  </datafield>
  <datafield tag="040" ind1=" " ind2=" ">
    <subfield code="a">NNFr</subfield>
    <subfield code="b">eng</subfield>
    <subfield code="e">rda</subfield>
    <subfield code="c">NNFr</subfield>
    <subfield code="d">GVaS</subfield>
  </datafield>
  <datafield tag="100" ind1="1" ind2=" ">
    <subfield code="a">Weissberg, Stephanie</subfield>
  </datafield>
  <datafield tag="370" ind1=" " ind2=" ">
    <subfield code="c">United States</subfield>
    <subfield code="f">Brooklyn (New York, N.Y.)</subfield>
    <subfield code="f">New York (N.Y.)</subfield>
    <subfield code="f">Berkeley (Calif.)</subfield>
    <subfield code="2">naf</subfield>
  </datafield>
  <datafield tag="372" ind1=" " ind2=" ">
    <subfield code="a">Art museums--Curatorship</subfield>
    <subfield code="a">Authorship</subfield>
    <subfield code="a">Art-History</subfield>
    <subfield code="a">Exhibitions</subfield>
    <subfield code="a">Editing</subfield>
    <subfield code="a">Social media</subfield>
    <subfield code="a">Nonprofit organizations</subfield>
    <subfield code="2">lcsh</subfield>
  </datafield>
  <datafield tag="373" ind1=" " ind2=" ">
    <subfield code="a">Elizabeth A. Sackler Center for Feminist Art</subfield>
    <subfield code="2">naf</subfield>
  </datafield>
  <datafield tag="373" ind1=" " ind2=" ">
    <subfield code="a">Sculpture Center (New York, N.Y.)</subfield>
    <subfield code="2">naf</subfield>
  </datafield>
  <datafield tag="373" ind1=" " ind2=" ">
    <subfield code="a">Solomon R. Guggenheim Museum</subfield>
    <subfield code="2">naf</subfield>
  </datafield>
  <datafield tag="373" ind1=" " ind2=" ">
    <subfield code="a">New York University</subfield>
    <subfield code="2">naf</subfield>
    <subfield code="s">2010</subfield>
    <subfield code="t">2012</subfield>
  </datafield>
  <datafield tag="373" ind1=" " ind2=" ">
    <subfield code="a">University of California, Berkeley</subfield>
    <subfield code="2">naf</subfield>
    <subfield code="t">2008</subfield>
  </datafield>
  <datafield tag="374" ind1=" " ind2=" ">
    <subfield code="a">Art museum curators</subfield>
    <subfield code="a">Authors, American</subfield>
    <subfield code="a">Editors</subfield>
    <subfield code="2">lcsh</subfield>
  </datafield>
  <datafield tag="375" ind1=" " ind2=" ">
    <subfield code="a">Females</subfield>
    <subfield code="2">lcdgt</subfield>
  </datafield>
  <datafield tag="377" ind1=" " ind2=" ">
    <subfield code="a">eng</subfield>
  </datafield>
  <datafield tag="510" ind1="2" ind2=" ">
    <subfield code="w">r</subfield>
    <subfield code="i">Employer:</subfield>
    <subfield code="a">Elizabeth A. Sackler Center for Feminist Art</subfield>
  </datafield>
  <datafield tag="670" ind1=" " ind2=" ">
    <subfield code="a">We wanted a revolution, 2017:</subfield>
    <subfield code="b">ECIP title page (texts by Stephanie Weissberg)</subfield>
  </datafield>
  <datafield tag="670" ind1=" " ind2=" ">
    <subfield code="a">LinkedIn, viewed November 28, 2016</subfield>
    <subfield code="b">(Stephanie Weissberg, Curatorial assistant, Elizabeth A. Sackler Center for Feminist Art at Brooklyn Museum; previous, SculptureCenter, Guggenheim Museum, Hausman LLC; Education, University of California, Berkeley, B.A. (2008), New York University, M.A., Museum studies (2010-2012); skills, museums, nonprofits, social media, media relations, editing)</subfield>
  </datafield>
</record>