
<record>
  <leader>01130cz  a2200205n  4500</leader>
  <controlfield tag="001">10336572</controlfield>
  <controlfield tag="003">DLC</controlfield>
  <controlfield tag="005">20200103145950.0</controlfield>
  <controlfield tag="008">161219n| azannaabn          |n aaa      </controlfield>
  <datafield tag="010" ind1=" " ind2=" ">
    <subfield code="a">n 2016068723</subfield>
  </datafield>
  <datafield tag="040" ind1=" " ind2=" ">
    <subfield code="a">DLC</subfield>
    <subfield code="b">eng</subfield>
    <subfield code="e">rda</subfield>
    <subfield code="c">DLC</subfield>
    <subfield code="d">DLC</subfield>
  </datafield>
  <datafield tag="100" ind1="1" ind2=" ">
    <subfield code="a">Florczak, Izabela</subfield>
  </datafield>
  <datafield tag="370" ind1=" " ind2=" ">
    <subfield code="c">Poland</subfield>
    <subfield code="2">naf</subfield>
  </datafield>
  <datafield tag="372" ind1=" " ind2=" ">
    <subfield code="a">Labor laws and legislation</subfield>
    <subfield code="2">lcsh</subfield>
  </datafield>
  <datafield tag="374" ind1=" " ind2=" ">
    <subfield code="a">Law teachers</subfield>
    <subfield code="2">lcsh</subfield>
  </datafield>
  <datafield tag="375" ind1=" " ind2=" ">
    <subfield code="a">Females</subfield>
    <subfield code="2">lcsh</subfield>
  </datafield>
  <datafield tag="670" ind1=" " ind2=" ">
    <subfield code="a">Developments in labour law from a comparative perspective, 2015:</subfield>
    <subfield code="b">t.p. (Izabela Florczak)</subfield>
  </datafield>
  <datafield tag="670" ind1=" " ind2=" ">
    <subfield code="a">Precarious work, 2019</subfield>
    <subfield code="b">(Izabela Florczak, University of Lodz, Poland)</subfield>
  </datafield>
  <datafield tag="670" ind1=" " ind2=" ">
    <subfield code="a">Uniwersytet Łódzki. Wydział Prawa i Administracji website, viewed 1/3/2020</subfield>
    <subfield code="b">(&quot;Dr Izabela Florczak Assistant Professor, Institute of Social Security Law and Social Policy, graduated from the Faculty of Law and Administration of the University of Lodz in 2011. She completed her doctoral dissertation, Legal status of people working on the basis of atypical contractual employment ... in 2016.  Since October 2016 she has been Assistant Professor in the Department of Social Security Law and Social Policy&quot;).</subfield>
  </datafield>
  <datafield tag="953" ind1=" " ind2=" ">
    <subfield code="a">fc06</subfield>
  </datafield>
</record>