
<record>
  <leader>00721cz  a2200229n  4500</leader>
  <controlfield tag="001">10344885</controlfield>
  <controlfield tag="003">DLC</controlfield>
  <controlfield tag="005">20200103073134.0</controlfield>
  <controlfield tag="008">170105n| azannaabn          |a aaa      </controlfield>
  <datafield tag="010" ind1=" " ind2=" ">
    <subfield code="a">n 2017000637</subfield>
  </datafield>
  <datafield tag="016" ind1=" " ind2=" ">
    <subfield code="a">1032G1245E</subfield>
  </datafield>
  <datafield tag="035" ind1=" " ind2=" ">
    <subfield code="a">(OCoLC)oca10673191</subfield>
  </datafield>
  <datafield tag="040" ind1=" " ind2=" ">
    <subfield code="a">DLC</subfield>
    <subfield code="b">eng</subfield>
    <subfield code="e">rda</subfield>
    <subfield code="c">DLC</subfield>
    <subfield code="d">ICrlF</subfield>
    <subfield code="d">CaOONL</subfield>
  </datafield>
  <datafield tag="042" ind1=" " ind2=" ">
    <subfield code="a">nlc</subfield>
  </datafield>
  <datafield tag="046" ind1=" " ind2=" ">
    <subfield code="k">2017</subfield>
    <subfield code="2">edtf</subfield>
  </datafield>
  <datafield tag="100" ind1="1" ind2=" ">
    <subfield code="a">Backman, Fredrik,</subfield>
    <subfield code="d">1981-</subfield>
    <subfield code="t">Bjornstad.</subfield>
    <subfield code="l">English</subfield>
  </datafield>
  <datafield tag="336" ind1=" " ind2=" ">
    <subfield code="a">text</subfield>
    <subfield code="b">txt</subfield>
    <subfield code="2">rdacontent</subfield>
  </datafield>
  <datafield tag="377" ind1=" " ind2=" ">
    <subfield code="a">eng</subfield>
  </datafield>
  <datafield tag="400" ind1="1" ind2=" ">
    <subfield code="a">Backman, Fredrik,</subfield>
    <subfield code="d">1981-</subfield>
    <subfield code="t">Beartown</subfield>
  </datafield>
  <datafield tag="500" ind1="1" ind2=" ">
    <subfield code="w">r</subfield>
    <subfield code="i">Translator:</subfield>
    <subfield code="a">Smith, Neil</subfield>
    <subfield code="q">(Neil Andrew)</subfield>
    <subfield code="0">(DLC)n 2013044263</subfield>
  </datafield>
  <datafield tag="670" ind1=" " ind2=" ">
    <subfield code="a">Beartown, 2017</subfield>
    <subfield code="b">(translated by Neil Smith)</subfield>
  </datafield>
  <datafield tag="670" ind1=" " ind2=" ">
    <subfield code="a">Beartown, 2019:</subfield>
    <subfield code="b">LAC CIP application (translation of Bjornstad)</subfield>
  </datafield>
</record>