
<record>
  <leader>00393cz  a2200145n  4500</leader>
  <controlfield tag="001">10394694</controlfield>
  <controlfield tag="003">DLC</controlfield>
  <controlfield tag="005">20200103153542.0</controlfield>
  <controlfield tag="008">170307n| azannaabn          |n aaa     c</controlfield>
  <datafield tag="010" ind1=" " ind2=" ">
    <subfield code="a">no2017028780</subfield>
  </datafield>
  <datafield tag="035" ind1=" " ind2=" ">
    <subfield code="a">(OCoLC)oca10726681</subfield>
  </datafield>
  <datafield tag="040" ind1=" " ind2=" ">
    <subfield code="a">IEN</subfield>
    <subfield code="b">eng</subfield>
    <subfield code="e">rda</subfield>
    <subfield code="c">IEN</subfield>
    <subfield code="d">DLC</subfield>
  </datafield>
  <datafield tag="100" ind1="1" ind2=" ">
    <subfield code="a">Philip, Emmanuel</subfield>
  </datafield>
  <datafield tag="374" ind1=" " ind2=" ">
    <subfield code="a">Authors</subfield>
    <subfield code="2">lcsh</subfield>
  </datafield>
  <datafield tag="670" ind1=" " ind2=" ">
    <subfield code="a">Ngozi and her friends, 2009:</subfield>
    <subfield code="b">title page verso (Emmanuel Philip)</subfield>
  </datafield>
</record>