
<record>
  <leader>00859cz  a2200241n  4500</leader>
  <controlfield tag="001">10401393</controlfield>
  <controlfield tag="003">DLC</controlfield>
  <controlfield tag="005">20200103143703.0</controlfield>
  <controlfield tag="008">170315n| azannaabn          |a aaa      </controlfield>
  <datafield tag="010" ind1=" " ind2=" ">
    <subfield code="a">n 2017014779</subfield>
    <subfield code="z">n 2017014807 </subfield>
    <subfield code="z">n 2017014740</subfield>
  </datafield>
  <datafield tag="040" ind1=" " ind2=" ">
    <subfield code="a">DLC</subfield>
    <subfield code="b">eng</subfield>
    <subfield code="c">DLC</subfield>
    <subfield code="e">rda</subfield>
    <subfield code="d">DLC</subfield>
    <subfield code="d">DLC</subfield>
  </datafield>
  <datafield tag="100" ind1="1" ind2=" ">
    <subfield code="a">ʻAffāsī, Mashārī ibn Rāshid</subfield>
  </datafield>
  <datafield tag="400" ind1="1" ind2=" ">
    <subfield code="a">ʻAfāsī, Mashārī Rāshid</subfield>
  </datafield>
  <datafield tag="370" ind1=" " ind2=" ">
    <subfield code="a">United Arab Emirates</subfield>
    <subfield code="2">naf</subfield>
  </datafield>
  <datafield tag="372" ind1=" " ind2=" ">
    <subfield code="a">Islamic music</subfield>
    <subfield code="2">lcsh</subfield>
  </datafield>
  <datafield tag="374" ind1=" " ind2=" ">
    <subfield code="a">Musicians</subfield>
    <subfield code="a">Singers</subfield>
    <subfield code="2">lcsh</subfield>
  </datafield>
  <datafield tag="375" ind1=" " ind2=" ">
    <subfield code="a">male</subfield>
  </datafield>
  <datafield tag="377" ind1=" " ind2=" ">
    <subfield code="a">ara</subfield>
  </datafield>
  <datafield tag="400" ind1="1" ind2=" ">
    <subfield code="a">Alafasy, Mishari Rashid</subfield>
  </datafield>
  <datafield tag="670" ind1=" " ind2=" ">
    <subfield code="a">ʻAnāqīd, 201-?:</subfield>
    <subfield code="b">container (Mashārī ibn Rāshid ʻAffāsī) label (Mishari Rashid Alafasy)</subfield>
  </datafield>
  <datafield tag="670" ind1=" " ind2=" ">
    <subfield code="a">Dhikrayāt, 201-?:</subfield>
    <subfield code="b">label (Mashārī Rāshid ʻAfāsī)</subfield>
  </datafield>
  <datafield tag="670" ind1=" " ind2=" ">
    <subfield code="a">Tarāḥamī yā qulūb, 201-?:</subfield>
    <subfield code="b">label (‏(عفاسي، مشاري</subfield>
  </datafield>
  <datafield tag="953" ind1=" " ind2=" ">
    <subfield code="a">qr30</subfield>
  </datafield>
</record>