
<record>
  <leader>00656cz  a2200169n  4500</leader>
  <controlfield tag="001">10410714</controlfield>
  <controlfield tag="003">DLC</controlfield>
  <controlfield tag="005">20200103075401.0</controlfield>
  <controlfield tag="008">170327n| azannaabn          |n aaa      </controlfield>
  <datafield tag="010" ind1=" " ind2=" ">
    <subfield code="a">n 2017017448</subfield>
  </datafield>
  <datafield tag="040" ind1=" " ind2=" ">
    <subfield code="a">DLC</subfield>
    <subfield code="b">eng</subfield>
    <subfield code="e">rda</subfield>
    <subfield code="c">DLC</subfield>
  </datafield>
  <datafield tag="100" ind1="1" ind2=" ">
    <subfield code="a">Brooks, Larry,</subfield>
    <subfield code="d">1948-</subfield>
  </datafield>
  <datafield tag="370" ind1=" " ind2=" ">
    <subfield code="a">Long Beach (Calif.)</subfield>
    <subfield code="e">Sacramento (Calif.)</subfield>
    <subfield code="2">naf</subfield>
  </datafield>
  <datafield tag="373" ind1=" " ind2=" ">
    <subfield code="a">United States. Army. Division, 9th</subfield>
    <subfield code="2">naf</subfield>
  </datafield>
  <datafield tag="374" ind1=" " ind2=" ">
    <subfield code="a">Soldiers</subfield>
    <subfield code="2">lcsh</subfield>
  </datafield>
  <datafield tag="374" ind1=" " ind2=" ">
    <subfield code="a">Veterans</subfield>
    <subfield code="2">lcsh</subfield>
  </datafield>
  <datafield tag="670" ind1=" " ind2=" ">
    <subfield code="a">Tan tru, 2014:</subfield>
    <subfield code="b">t.p. (Larry Brooks) p. 4 (born 1948 in Long Beach, California) postscript ( former soldier of the 2nd Battalion, 60th Infantry of the 9th Infantry Division in Vietnam, lives in Sacramento, Calif.)</subfield>
  </datafield>
</record>