
<record>
  <leader>00496cz  a2200121n  4500</leader>
  <controlfield tag="001">10496505</controlfield>
  <controlfield tag="003">DLC</controlfield>
  <controlfield tag="005">20200103094014.0</controlfield>
  <controlfield tag="008">170705n| azannaabn          |n aaa      </controlfield>
  <datafield tag="010" ind1=" " ind2=" ">
    <subfield code="a">n 2017039707</subfield>
  </datafield>
  <datafield tag="040" ind1=" " ind2=" ">
    <subfield code="a">DLC</subfield>
    <subfield code="b">eng</subfield>
    <subfield code="e">rda</subfield>
    <subfield code="c">DLC</subfield>
    <subfield code="d">DLC</subfield>
  </datafield>
  <datafield tag="100" ind1="1" ind2=" ">
    <subfield code="a">Riedl, Eva</subfield>
  </datafield>
  <datafield tag="670" ind1=" " ind2=" ">
    <subfield code="a">Raumbegehren, 2017:</subfield>
    <subfield code="b">t.p. (Eva Riedl) back cover (Eva Riedl studied German literature, political science, intercultural communication, and law at the Ludwig-Maximilians-Universität München and received her PhD at the same institution)</subfield>
  </datafield>
</record>