
<record>
  <leader>00539cz  a2200121n  4500</leader>
  <controlfield tag="001">10518916</controlfield>
  <controlfield tag="003">DLC</controlfield>
  <controlfield tag="005">20200103091534.0</controlfield>
  <controlfield tag="008">170801n| azannaabn          |n aaa      </controlfield>
  <datafield tag="010" ind1=" " ind2=" ">
    <subfield code="a">n 2017045835</subfield>
  </datafield>
  <datafield tag="040" ind1=" " ind2=" ">
    <subfield code="a">DLC</subfield>
    <subfield code="b">eng</subfield>
    <subfield code="e">rda</subfield>
    <subfield code="c">DLC</subfield>
    <subfield code="d">DLC</subfield>
  </datafield>
  <datafield tag="100" ind1="1" ind2=" ">
    <subfield code="a">Hegenbart, Christine</subfield>
  </datafield>
  <datafield tag="670" ind1=" " ind2=" ">
    <subfield code="a">Zum Politischen der Dramatik von Thomas Bernhard und Peter Handke, 2017:</subfield>
    <subfield code="b">t.p. (Christine Hegenbart) back cover (studied German studies, history, and psychology in Munich and Vienna; received her PhD in German studies; works as a research fellow for the German Bundestag)</subfield>
  </datafield>
</record>