
<record>
  <leader>00596cz  a2200157n  4500</leader>
  <controlfield tag="001">10557076</controlfield>
  <controlfield tag="003">DLC</controlfield>
  <controlfield tag="005">20200103092756.0</controlfield>
  <controlfield tag="008">170917n| azannaabn          |n aaa     c</controlfield>
  <datafield tag="010" ind1=" " ind2=" ">
    <subfield code="a">no2017121371</subfield>
  </datafield>
  <datafield tag="035" ind1=" " ind2=" ">
    <subfield code="a">(OCoLC)oca10983172</subfield>
  </datafield>
  <datafield tag="040" ind1=" " ind2=" ">
    <subfield code="a">NjP</subfield>
    <subfield code="b">eng</subfield>
    <subfield code="e">rda</subfield>
    <subfield code="c">NjP</subfield>
    <subfield code="d">DLC</subfield>
  </datafield>
  <datafield tag="100" ind1="1" ind2=" ">
    <subfield code="a">Streb, Reseda</subfield>
  </datafield>
  <datafield tag="375" ind1=" " ind2=" ">
    <subfield code="a">Females</subfield>
    <subfield code="2">lcdgt</subfield>
  </datafield>
  <datafield tag="377" ind1=" " ind2=" ">
    <subfield code="a">ger</subfield>
  </datafield>
  <datafield tag="670" ind1=" " ind2=" ">
    <subfield code="a">Ausbau mehrsprachiger Repertoires im Two-Way-Immersion-Kontext, c2016:</subfield>
    <subfield code="b">t.p. (Reseda Streb) cover page 4 (studied Romance studies with emphasis on Italian studies, Latin American studies, and Roman linguistics; Ph.D. Universität Frankfurt am Main)</subfield>
  </datafield>
</record>