
<record>
  <leader>01198cz  a2200229n  4500</leader>
  <controlfield tag="001">10596897</controlfield>
  <controlfield tag="003">DLC</controlfield>
  <controlfield tag="005">20200103125220.0</controlfield>
  <controlfield tag="008">171102n| azannaabn          sa ana     c</controlfield>
  <datafield tag="010" ind1=" " ind2=" ">
    <subfield code="a">no2017143062</subfield>
  </datafield>
  <datafield tag="035" ind1=" " ind2=" ">
    <subfield code="a">(OCoLC)oca11047443</subfield>
  </datafield>
  <datafield tag="040" ind1=" " ind2=" ">
    <subfield code="a">DGPO</subfield>
    <subfield code="b">eng</subfield>
    <subfield code="e">rda</subfield>
    <subfield code="c">DGPO</subfield>
    <subfield code="d">DLC</subfield>
  </datafield>
  <datafield tag="046" ind1=" " ind2=" ">
    <subfield code="s">1984</subfield>
    <subfield code="2">edtf</subfield>
  </datafield>
  <datafield tag="110" ind1="1" ind2=" ">
    <subfield code="a">Albuquerque (N.M.).</subfield>
    <subfield code="b">Open Space Division</subfield>
  </datafield>
  <datafield tag="368" ind1=" " ind2=" ">
    <subfield code="a">Local government</subfield>
    <subfield code="a">Municipal government</subfield>
    <subfield code="a">lcsh</subfield>
  </datafield>
  <datafield tag="370" ind1=" " ind2=" ">
    <subfield code="c">New Mexico</subfield>
    <subfield code="e">Albuquerque (N.M.)</subfield>
    <subfield code="2">naf</subfield>
  </datafield>
  <datafield tag="372" ind1=" " ind2=" ">
    <subfield code="a">Open spaces--Management</subfield>
    <subfield code="a">Landscape protection</subfield>
    <subfield code="a">Natural resources</subfield>
    <subfield code="2">lcsh</subfield>
  </datafield>
  <datafield tag="377" ind1=" " ind2=" ">
    <subfield code="a">eng</subfield>
  </datafield>
  <datafield tag="410" ind1="1" ind2=" ">
    <subfield code="a">Albuquerque (N.M.).</subfield>
    <subfield code="b">Parks and Recreation Department.</subfield>
    <subfield code="b">Open Space Divison</subfield>
  </datafield>
  <datafield tag="510" ind1="1" ind2=" ">
    <subfield code="w">r</subfield>
    <subfield code="i">Hierarchical superior:</subfield>
    <subfield code="a">Albuquerque (N.M.).</subfield>
    <subfield code="b">Parks and Recreation Department</subfield>
  </datafield>
  <datafield tag="670" ind1=" " ind2=" ">
    <subfield code="a">Petroglyph National Monument, New Mexico, 2017:</subfield>
    <subfield code="b">t.p. (Open Space Division, City of Albuquerque)</subfield>
  </datafield>
  <datafield tag="670" ind1=" " ind2=" ">
    <subfield code="a">City of Albuquerque website, November 1, 2017:</subfield>
    <subfield code="b">(Open Space Division is listed under department of Parks &amp; Recreation) Open Space history (division created in 1984; manage and maintain Open Space lands; preservation of the city&apos;s natural features and open space respecting rivers, land, mesa, mountains, volcanoes, and arroyos)</subfield>
  </datafield>
</record>