
<record>
  <leader>00543cz  a2200145n  4500</leader>
  <controlfield tag="001">10621776</controlfield>
  <controlfield tag="003">DLC</controlfield>
  <controlfield tag="005">20200103124207.0</controlfield>
  <controlfield tag="008">171205n| azannaabn          |n aaa      </controlfield>
  <datafield tag="010" ind1=" " ind2=" ">
    <subfield code="a">n 2017072127</subfield>
  </datafield>
  <datafield tag="040" ind1=" " ind2=" ">
    <subfield code="a">DLC</subfield>
    <subfield code="b">eng</subfield>
    <subfield code="e">rda</subfield>
    <subfield code="c">DLC</subfield>
    <subfield code="d">DLC</subfield>
  </datafield>
  <datafield tag="046" ind1=" " ind2=" ">
    <subfield code="f">1977</subfield>
  </datafield>
  <datafield tag="100" ind1="1" ind2=" ">
    <subfield code="a">Baisotti, Pablo Alberto</subfield>
  </datafield>
  <datafield tag="670" ind1=" " ind2=" ">
    <subfield code="a">Fiesta, política y religión, España (1936-1943), 2017:</subfield>
    <subfield code="b">t.p. (Pablo Alberto Baisotti)</subfield>
  </datafield>
  <datafield tag="670" ind1=" " ind2=" ">
    <subfield code="a">Historical and future global impacts of armed groups and social movements, 2020:</subfield>
    <subfield code="b">eCIP t.p. (Pablo Alberto Baisotti) data view screen (b. 1977)</subfield>
  </datafield>
</record>