
<record>
  <leader>00607cz  a2200193n  4500</leader>
  <controlfield tag="001">10635590</controlfield>
  <controlfield tag="003">DLC</controlfield>
  <controlfield tag="005">20200103073134.0</controlfield>
  <controlfield tag="008">171220n| azannaabn          |n aaa     c</controlfield>
  <datafield tag="010" ind1=" " ind2=" ">
    <subfield code="a">no2017166201</subfield>
  </datafield>
  <datafield tag="035" ind1=" " ind2=" ">
    <subfield code="a">(OCoLC)oca11118122</subfield>
  </datafield>
  <datafield tag="040" ind1=" " ind2=" ">
    <subfield code="a">InU</subfield>
    <subfield code="b">eng</subfield>
    <subfield code="e">rda</subfield>
    <subfield code="c">InU</subfield>
    <subfield code="d">NN</subfield>
  </datafield>
  <datafield tag="100" ind1="1" ind2=" ">
    <subfield code="a">Banassoubek, Alain Georges</subfield>
  </datafield>
  <datafield tag="368" ind1=" " ind2=" ">
    <subfield code="c">Authors, Black</subfield>
    <subfield code="2">lcdgt</subfield>
  </datafield>
  <datafield tag="370" ind1=" " ind2=" ">
    <subfield code="c">Cameroon</subfield>
    <subfield code="2">naf</subfield>
  </datafield>
  <datafield tag="374" ind1=" " ind2=" ">
    <subfield code="a">College teachers</subfield>
    <subfield code="a">Novelists</subfield>
    <subfield code="2">lcsh</subfield>
  </datafield>
  <datafield tag="375" ind1=" " ind2=" ">
    <subfield code="a">Males</subfield>
    <subfield code="2">lcdgt</subfield>
  </datafield>
  <datafield tag="377" ind1=" " ind2=" ">
    <subfield code="a">fre</subfield>
  </datafield>
  <datafield tag="670" ind1=" " ind2=" ">
    <subfield code="a">Jusqu&apos;à la lie, ©2016:</subfield>
    <subfield code="b">title page (Alain Georges Banassoubek) page 4 of cover (from Cameroon; professor of Literature; novelist)</subfield>
  </datafield>
</record>