
<record>
  <leader>00932cz  a2200193n  4500</leader>
  <controlfield tag="001">10694837</controlfield>
  <controlfield tag="003">DLC</controlfield>
  <controlfield tag="005">20200103010109.0</controlfield>
  <controlfield tag="008">180313n| azannaabn          |a ana      </controlfield>
  <datafield tag="010" ind1=" " ind2=" ">
    <subfield code="a">n 2018220470</subfield>
  </datafield>
  <datafield tag="040" ind1=" " ind2=" ">
    <subfield code="a">DLC</subfield>
    <subfield code="b">eng</subfield>
    <subfield code="c">DLC</subfield>
    <subfield code="d">DLC</subfield>
    <subfield code="e">rda</subfield>
  </datafield>
  <datafield tag="111" ind1="2" ind2=" ">
    <subfield code="a">Kongres Kesenian Indonesia</subfield>
  </datafield>
  <datafield tag="368" ind1=" " ind2=" ">
    <subfield code="a">Conference</subfield>
  </datafield>
  <datafield tag="370" ind1=" " ind2=" ">
    <subfield code="c">Indonesia</subfield>
  </datafield>
  <datafield tag="377" ind1=" " ind2=" ">
    <subfield code="a">ind</subfield>
  </datafield>
  <datafield tag="411" ind1="2" ind2=" ">
    <subfield code="a">KKI</subfield>
  </datafield>
  <datafield tag="667" ind1=" " ind2=" ">
    <subfield code="a">See also related access points for individual instances of this conference, which include specific information about the number, date, or place of individual conferences.</subfield>
  </datafield>
  <datafield tag="670" ind1=" " ind2=" ">
    <subfield code="a">Kongres Kesenian Indonesia, 1995-2015, 2017:</subfield>
    <subfield code="b">t.p. (Kongres Kesenian Indonesia) p. 2, etc. (a series of decennial conferences; the 1st conference held in 1995, the 2nd conference held in 2005, and the 3rd conference held in 2015)</subfield>
  </datafield>
  <datafield tag="670" ind1=" " ind2=" ">
    <subfield code="a">Prosiding Kongres Kesenian Indonesia III, 2015:</subfield>
    <subfield code="b">t.p. (Kongres Kesenian Indonesia III; held on Dec. 1-5, 2015 in Bandung) p. v (KKI)</subfield>
  </datafield>
</record>