
<record>
  <leader>00653cz  a2200181n  4500</leader>
  <controlfield tag="001">10699921</controlfield>
  <controlfield tag="003">DLC</controlfield>
  <controlfield tag="005">20200103164114.0</controlfield>
  <controlfield tag="008">180316n| azannaabn          |a aaa      </controlfield>
  <datafield tag="010" ind1=" " ind2=" ">
    <subfield code="a">n 2018015098</subfield>
  </datafield>
  <datafield tag="040" ind1=" " ind2=" ">
    <subfield code="a">DLC</subfield>
    <subfield code="b">eng</subfield>
    <subfield code="c">DLC</subfield>
    <subfield code="e">rda</subfield>
  </datafield>
  <datafield tag="100" ind1="1" ind2=" ">
    <subfield code="a">Faĭvush, G. M.</subfield>
    <subfield code="q">(Georgiĭ Markovich)</subfield>
  </datafield>
  <datafield tag="400" ind1="1" ind2=" ">
    <subfield code="a">Faĭvush, Georgiĭ Markovich</subfield>
  </datafield>
  <datafield tag="400" ind1="1" ind2=" ">
    <subfield code="a">Fayvush, G. M</subfield>
  </datafield>
  <datafield tag="400" ind1="1" ind2=" ">
    <subfield code="a">Fayvush, Georgi Marki</subfield>
  </datafield>
  <datafield tag="400" ind1="1" ind2=" ">
    <subfield code="a">Fayvush, Georgi M</subfield>
  </datafield>
  <datafield tag="670" ind1=" " ind2=" ">
    <subfield code="a">Invazivnye i ėkspansivnye vidy rasteniĭ Armenii, 2014:</subfield>
    <subfield code="b">title page (G.M. Faĭvush) added title page (G.M. Fayvush) colophon (Georgiĭ Markovich Faĭvush; Georgi Marki Fayvush; Georgi M. Fayvush)</subfield>
  </datafield>
  <datafield tag="953" ind1=" " ind2=" ">
    <subfield code="a">cd16</subfield>
  </datafield>
</record>