
<record>
  <leader>00926cz  a2200157n  4500</leader>
  <controlfield tag="001">10703945</controlfield>
  <controlfield tag="003">DLC</controlfield>
  <controlfield tag="005">20200103073135.0</controlfield>
  <controlfield tag="008">180321n| azannaabn          |a ana     c</controlfield>
  <datafield tag="010" ind1=" " ind2=" ">
    <subfield code="a">no2018037276</subfield>
  </datafield>
  <datafield tag="035" ind1=" " ind2=" ">
    <subfield code="a">(OCoLC)oca11256857</subfield>
  </datafield>
  <datafield tag="040" ind1=" " ind2=" ">
    <subfield code="a">DLC-S</subfield>
    <subfield code="b">eng</subfield>
    <subfield code="c">DLC-S</subfield>
    <subfield code="e">rda</subfield>
    <subfield code="d">DLC-S</subfield>
  </datafield>
  <datafield tag="110" ind1="2" ind2=" ">
    <subfield code="a">Università degli studi di Trieste.</subfield>
    <subfield code="b">Dipartimento di scienze giuridiche, dl linguaggio, dell&apos;interpretazione e della traduzione</subfield>
  </datafield>
  <datafield tag="410" ind1="2" ind2=" ">
    <subfield code="a">Università degli studi di Trieste.</subfield>
    <subfield code="b">Dipartimento di scienze giuridiche, del linguaggio, dell&apos;interpretazione e della traduzione</subfield>
  </datafield>
  <datafield tag="670" ind1=" " ind2=" ">
    <subfield code="a">The interpreters&apos; newsletter, 2016:</subfield>
    <subfield code="b">cover (Università degli studi di Trieste, Dipartimento di scienze giuridiche, dl linguaggio, dell&apos;interpretazione e della traduzione)</subfield>
  </datafield>
  <datafield tag="670" ind1=" " ind2=" ">
    <subfield code="a">Slavica tergestina, volume 17 (2016):</subfield>
    <subfield code="b">p. 5 (Università degli studi di Trieste, Dipartimento di scienze giuridiche, del linguaggio, dell&apos;interpretazione e della traduzione)</subfield>
  </datafield>
</record>