
<record>
  <leader>01289cz  a2200301n  4500</leader>
  <controlfield tag="001">10716117</controlfield>
  <controlfield tag="003">DLC</controlfield>
  <controlfield tag="005">20200103073135.0</controlfield>
  <controlfield tag="008">180405n| azabaaaan          |a ana     c</controlfield>
  <datafield tag="010" ind1=" " ind2=" ">
    <subfield code="a">no2018044488</subfield>
  </datafield>
  <datafield tag="035" ind1=" " ind2=" ">
    <subfield code="a">(OCoLC)oca11280049</subfield>
  </datafield>
  <datafield tag="040" ind1=" " ind2=" ">
    <subfield code="a">ICrlF</subfield>
    <subfield code="b">eng</subfield>
    <subfield code="e">rda</subfield>
    <subfield code="c">ICrlF</subfield>
    <subfield code="d">ICrlF</subfield>
  </datafield>
  <datafield tag="046" ind1=" " ind2=" ">
    <subfield code="k">2018</subfield>
    <subfield code="2">edtf</subfield>
  </datafield>
  <datafield tag="130" ind1=" " ind2="0">
    <subfield code="a">World of Warcraft (Scholastic Inc.).</subfield>
    <subfield code="p">Traveler</subfield>
  </datafield>
  <datafield tag="370" ind1=" " ind2=" ">
    <subfield code="g">New York (N.Y.)</subfield>
    <subfield code="2">naf</subfield>
  </datafield>
  <datafield tag="373" ind1=" " ind2=" ">
    <subfield code="a">Scholastic Inc.</subfield>
    <subfield code="2">naf</subfield>
  </datafield>
  <datafield tag="380" ind1=" " ind2=" ">
    <subfield code="a">Series (Publications)</subfield>
    <subfield code="2">lcsh</subfield>
  </datafield>
  <datafield tag="400" ind1="1" ind2=" ">
    <subfield code="w">nnea</subfield>
    <subfield code="a">Weisman, Greg</subfield>
    <subfield code="q">(Gregory David),</subfield>
    <subfield code="d">1963-</subfield>
    <subfield code="t">World of Warcraft (Scholastic Inc.).</subfield>
    <subfield code="p">Traveler</subfield>
  </datafield>
  <datafield tag="400" ind1="1" ind2=" ">
    <subfield code="a">Weisman, Greg</subfield>
    <subfield code="q">(Gregory David),</subfield>
    <subfield code="d">1963-</subfield>
    <subfield code="t">Traveler</subfield>
  </datafield>
  <datafield tag="430" ind1=" " ind2="0">
    <subfield code="a">Traveler (Scholastic Inc.)</subfield>
  </datafield>
  <datafield tag="642" ind1=" " ind2=" ">
    <subfield code="a">bk. 2</subfield>
    <subfield code="5">DPCC</subfield>
    <subfield code="5">ICrlF</subfield>
  </datafield>
  <datafield tag="643" ind1=" " ind2=" ">
    <subfield code="a">New York, NY</subfield>
    <subfield code="b">Scholastic Inc.</subfield>
  </datafield>
  <datafield tag="644" ind1=" " ind2=" ">
    <subfield code="a">f</subfield>
    <subfield code="5">ICrlF</subfield>
  </datafield>
  <datafield tag="645" ind1=" " ind2=" ">
    <subfield code="a">t</subfield>
    <subfield code="5">DPCC</subfield>
    <subfield code="5">ICrlF</subfield>
  </datafield>
  <datafield tag="646" ind1=" " ind2=" ">
    <subfield code="a">s</subfield>
    <subfield code="5">ICrlF</subfield>
  </datafield>
  <datafield tag="670" ind1=" " ind2=" ">
    <subfield code="a">Weisman, Greg. The spiral path, 2018 :</subfield>
    <subfield code="b">title page (World of Warcraft Traveler book two)</subfield>
  </datafield>
  <datafield tag="670" ind1=" " ind2=" ">
    <subfield code="a">Scholastic website, Apr. 2, 2018</subfield>
    <subfield code="b">(The spiral path, second installment in the Traveler saga, based on Blizzard&apos;s World of Warcraft franchise)</subfield>
  </datafield>
  <datafield tag="670" ind1=" " ind2=" ">
    <subfield code="a">Roux, Madeline. The shining blade, 2020 :</subfield>
    <subfield code="b">title page (World of Warcraft. Traveler book three) back cover (first two books in the series: Traveler and The spiral path)</subfield>
  </datafield>
</record>