
<record>
  <leader>01629cz  a2200265n  4500</leader>
  <controlfield tag="001">10738870</controlfield>
  <controlfield tag="003">DLC</controlfield>
  <controlfield tag="005">20200103073135.0</controlfield>
  <controlfield tag="008">180501n| azannaabn          |n aaa      </controlfield>
  <datafield tag="010" ind1=" " ind2=" ">
    <subfield code="a">nb2018008236</subfield>
  </datafield>
  <datafield tag="035" ind1=" " ind2=" ">
    <subfield code="a">(Uk)010203818</subfield>
  </datafield>
  <datafield tag="035" ind1=" " ind2=" ">
    <subfield code="a">(OCoLC)oca11327386</subfield>
  </datafield>
  <datafield tag="040" ind1=" " ind2=" ">
    <subfield code="a">Uk</subfield>
    <subfield code="b">eng</subfield>
    <subfield code="e">rda</subfield>
    <subfield code="c">Uk</subfield>
    <subfield code="d">DLC</subfield>
    <subfield code="d">InU</subfield>
  </datafield>
  <datafield tag="046" ind1=" " ind2=" ">
    <subfield code="f">1980</subfield>
    <subfield code="2">edtf</subfield>
  </datafield>
  <datafield tag="100" ind1="1" ind2=" ">
    <subfield code="a">Konończuk, Wojciech</subfield>
  </datafield>
  <datafield tag="370" ind1=" " ind2=" ">
    <subfield code="c">Poland</subfield>
    <subfield code="f">Warsaw (Poland)</subfield>
    <subfield code="2">naf</subfield>
  </datafield>
  <datafield tag="372" ind1=" " ind2=" ">
    <subfield code="a">College teaching</subfield>
    <subfield code="a">Political science</subfield>
    <subfield code="2">lcsh</subfield>
  </datafield>
  <datafield tag="373" ind1=" " ind2=" ">
    <subfield code="a">Ośrodek Studiów Wschodnich</subfield>
    <subfield code="2">naf</subfield>
  </datafield>
  <datafield tag="374" ind1=" " ind2=" ">
    <subfield code="a">College teachers</subfield>
    <subfield code="2">lcsh</subfield>
  </datafield>
  <datafield tag="375" ind1=" " ind2=" ">
    <subfield code="a">Males</subfield>
    <subfield code="2">lcdgt</subfield>
  </datafield>
  <datafield tag="377" ind1=" " ind2=" ">
    <subfield code="a">pol</subfield>
  </datafield>
  <datafield tag="670" ind1=" " ind2=" ">
    <subfield code="a">Niekończąca się zapaść, 2017:</subfield>
    <subfield code="b">t.p. (Wojciech Konończuk)</subfield>
  </datafield>
  <datafield tag="670" ind1=" " ind2=" ">
    <subfield code="a">Website of Ośrodek Studiów Wschodnich im. Marka Karpia, viewed 1 May 2018:</subfield>
    <subfield code="b">staff list (Wojciech Konończuk; since 2011 head of the Department for Ukraine, Belarus and Moldova at the Centre for Eastern Studies; graduate of the Institute of International Relations of the University of Warsaw and Centre for East European Studies of the University of Warsaw; he also studied at the Saint Petersburg State University and Warsaw School of Economics; regular contributor to &quot;New Eastern Europe&quot; journal and &quot;Tygodnik Powszechny&quot;)</subfield>
  </datafield>
  <datafield tag="670" ind1=" " ind2=" ">
    <subfield code="a">DNB in VIAF, January 2, 2020</subfield>
    <subfield code="b">(hdg.: Konończuk, Wojciech 1980- ; Head, Department for Ukraine, Belarus and Moldova‏, Ośrodek Studiów Wschodnich; political scientist; expertise: political and economic situation in Belarus, Ukraine and Moldova, foreign policy of Russia towards CIS countries, Russian energy sector, energy policy in Central and Eastern Europe‏)</subfield>
  </datafield>
  <datafield tag="953" ind1=" " ind2=" ">
    <subfield code="a">fc04</subfield>
  </datafield>
</record>