
<record>
  <leader>00932cz  a2200217n  4500</leader>
  <controlfield tag="001">10763768</controlfield>
  <controlfield tag="003">DLC</controlfield>
  <controlfield tag="005">20200103073135.0</controlfield>
  <controlfield tag="008">180530n| azannaabn          |n aaa     c</controlfield>
  <datafield tag="010" ind1=" " ind2=" ">
    <subfield code="a">no2018072289</subfield>
  </datafield>
  <datafield tag="035" ind1=" " ind2=" ">
    <subfield code="a">(OCoLC)oca11369750</subfield>
  </datafield>
  <datafield tag="040" ind1=" " ind2=" ">
    <subfield code="a">IU</subfield>
    <subfield code="b">eng</subfield>
    <subfield code="e">rda</subfield>
    <subfield code="c">IU</subfield>
    <subfield code="d">InNd</subfield>
    <subfield code="d">NjP</subfield>
  </datafield>
  <datafield tag="053" ind1=" " ind2="4">
    <subfield code="a">PS3604.A972673</subfield>
    <subfield code="5">InNd</subfield>
    <subfield code="5">NjP</subfield>
  </datafield>
  <datafield tag="100" ind1="1" ind2=" ">
    <subfield code="a">Davis, Nathan Alan</subfield>
  </datafield>
  <datafield tag="370" ind1=" " ind2=" ">
    <subfield code="a">Rockford (Ill.)</subfield>
    <subfield code="e">New York (N.Y.)</subfield>
    <subfield code="2">naf</subfield>
  </datafield>
  <datafield tag="372" ind1=" " ind2=" ">
    <subfield code="a">Drama</subfield>
    <subfield code="2">lcsh</subfield>
  </datafield>
  <datafield tag="374" ind1=" " ind2=" ">
    <subfield code="a">Dramatists</subfield>
    <subfield code="2">lcsh</subfield>
  </datafield>
  <datafield tag="377" ind1=" " ind2=" ">
    <subfield code="a">eng</subfield>
  </datafield>
  <datafield tag="667" ind1=" " ind2=" ">
    <subfield code="a">Do not confuse with playwright Davis, Allan Nathan, 1986-</subfield>
  </datafield>
  <datafield tag="670" ind1=" " ind2=" ">
    <subfield code="a">Dontrell, who kissed the sea, 2017:</subfield>
    <subfield code="b">title page (Nathan Alan Davis)</subfield>
  </datafield>
  <datafield tag="670" ind1=" " ind2=" ">
    <subfield code="a">Author&apos;s website, May 21, 2018</subfield>
    <subfield code="b">(Nathan Alan Davis; playwright from Rockford, Illinois, living in New York; graduate of Juilliard&apos;s Lila Acheson Wallace American Playwrights Program with an MFA from Indiana University and BFA from the University of Illinois)</subfield>
    <subfield code="u">https://www.nathanalandavis.com/</subfield>
  </datafield>
</record>