
<record>
  <leader>01117cz  a2200193n  4500</leader>
  <controlfield tag="001">10779362</controlfield>
  <controlfield tag="003">DLC</controlfield>
  <controlfield tag="005">20200103073135.0</controlfield>
  <controlfield tag="008">180618n| azannaabn          |n aaa      </controlfield>
  <datafield tag="010" ind1=" " ind2=" ">
    <subfield code="a">n 2018035626</subfield>
  </datafield>
  <datafield tag="035" ind1=" " ind2=" ">
    <subfield code="a">(OCoLC)oca11404253</subfield>
  </datafield>
  <datafield tag="040" ind1=" " ind2=" ">
    <subfield code="a">DLC</subfield>
    <subfield code="b">eng</subfield>
    <subfield code="e">rda</subfield>
    <subfield code="c">DLC</subfield>
    <subfield code="d">IEN</subfield>
  </datafield>
  <datafield tag="100" ind1="1" ind2=" ">
    <subfield code="a">Amartey, Abednego Feehi Okoe</subfield>
  </datafield>
  <datafield tag="370" ind1=" " ind2=" ">
    <subfield code="c">Ghana</subfield>
    <subfield code="2">naf</subfield>
  </datafield>
  <datafield tag="373" ind1=" " ind2=" ">
    <subfield code="a">Chartered Institute of Marketing (Ghana)</subfield>
    <subfield code="2">naf</subfield>
  </datafield>
  <datafield tag="373" ind1=" " ind2=" ">
    <subfield code="a">University of Professional Studies</subfield>
    <subfield code="a">Swiss Management Center University</subfield>
  </datafield>
  <datafield tag="375" ind1=" " ind2=" ">
    <subfield code="a">Males</subfield>
    <subfield code="2">lcdgt</subfield>
  </datafield>
  <datafield tag="670" ind1=" " ind2=" ">
    <subfield code="a">Sales management, 2018:</subfield>
    <subfield code="b">eCIP t.p. (Abednego Feehi Okoe Amartey)</subfield>
  </datafield>
  <datafield tag="670" ind1=" " ind2=" ">
    <subfield code="a">Customer service management in Africa, 2020:</subfield>
    <subfield code="b">eCIP title page (Professor Abednego Feehi Okoe Amartey) eCIP galley (Abednego F.O. Amartey is the Vice-Chancellor and a Professor of Marketing at the University of Professional Studies, Accra (UPSA). He holds a Doctor of Business Administration from the Swiss Management Center University. He is a fellow of the Chartered Institute of Marketing Ghana and won the award as the best CEO in the Educational sector in Ghana Industry Awards in 2019 and CIMG Man of the Year 2018)</subfield>
  </datafield>
</record>