
<record>
  <leader>01977cz  a2200253n  4500</leader>
  <controlfield tag="001">10784559</controlfield>
  <controlfield tag="003">DLC</controlfield>
  <controlfield tag="005">20200103073136.0</controlfield>
  <controlfield tag="008">180622n| azannaabn          |n aaa     c</controlfield>
  <datafield tag="010" ind1=" " ind2=" ">
    <subfield code="a">no2018084309</subfield>
  </datafield>
  <datafield tag="035" ind1=" " ind2=" ">
    <subfield code="a">(OCoLC)oca11412240</subfield>
  </datafield>
  <datafield tag="040" ind1=" " ind2=" ">
    <subfield code="a">ICrlF</subfield>
    <subfield code="b">eng</subfield>
    <subfield code="e">rda</subfield>
    <subfield code="c">ICrlF</subfield>
    <subfield code="d">UkOxU</subfield>
  </datafield>
  <datafield tag="046" ind1=" " ind2=" ">
    <subfield code="f">1981</subfield>
    <subfield code="2">edtf</subfield>
  </datafield>
  <datafield tag="100" ind1="1" ind2=" ">
    <subfield code="a">Hart, James,</subfield>
    <subfield code="d">1981-</subfield>
  </datafield>
  <datafield tag="370" ind1=" " ind2=" ">
    <subfield code="c">Australia</subfield>
    <subfield code="e">Melbourne (Vic.)</subfield>
    <subfield code="2">naf</subfield>
  </datafield>
  <datafield tag="371" ind1=" " ind2=" ">
    <subfield code="m">info@jameshart.com.au</subfield>
  </datafield>
  <datafield tag="372" ind1=" " ind2=" ">
    <subfield code="a">Illustration of books</subfield>
    <subfield code="2">lcsh</subfield>
  </datafield>
  <datafield tag="374" ind1=" " ind2=" ">
    <subfield code="a">Illustrators</subfield>
    <subfield code="2">lcdgt</subfield>
  </datafield>
  <datafield tag="375" ind1=" " ind2=" ">
    <subfield code="a">Males</subfield>
    <subfield code="2">lcdgt</subfield>
  </datafield>
  <datafield tag="377" ind1=" " ind2=" ">
    <subfield code="a">eng</subfield>
  </datafield>
  <datafield tag="670" ind1=" " ind2=" ">
    <subfield code="a">Park, Mac. Dino hunter, 2017:</subfield>
    <subfield code="b">title page (illustrated by James Hart)</subfield>
  </datafield>
  <datafield tag="670" ind1=" " ind2=" ">
    <subfield code="a">Illustrator&apos;s web site, June 22, 2018 :</subfield>
    <subfield code="b">(James Hart ; An illustrator and comic artist living in the Melbourne area. E-mail is info@jameshart.com.au)</subfield>
  </datafield>
  <datafield tag="670" ind1=" " ind2=" ">
    <subfield code="a">James Hart Illustration WWW site, viewed January 2, 2020</subfield>
    <subfield code="b">About page (Melbourne based illustrator, creator and children&apos;s book maker; he launched into professional illustrating during his last year of studies in 2003; thanks to the success of his illustrations featuring on the front cover of Desktop, he was able to secure two large educational publishing clients; since that time he has worked on many projects from toy designs to stamps to book illustration and animation for multiple clients, studios and publishers across Australia, NZ and the UK; his early publishing work was predominantly in education, text books and a number of school reader/chapter books; from 2013-2015 he worked on the popular animated series of The Day My Butt Went Psycho! (designing characters and props for 2 seasons), at the same time as beginning the first of 13 books for the successful You Choose series; published work includes: Accidentally Awesome series, D-Bot Squad series, Mr Bambuckle&apos;s Remarkables series and Cowboy and Birdbrain series)</subfield>
  </datafield>
  <datafield tag="670" ind1=" " ind2=" ">
    <subfield code="a">VIAF, June 22, 2018 :</subfield>
    <subfield code="b">(Hart, James, 1981- ; Australian; date,  1981- ; Author of one of his illustrated works is Mac Park.)</subfield>
  </datafield>
</record>