
<record>
  <leader>01424cz  a2200337n  4500</leader>
  <controlfield tag="001">10818699</controlfield>
  <controlfield tag="003">DLC</controlfield>
  <controlfield tag="005">20200103073136.0</controlfield>
  <controlfield tag="008">180803n| azannaabn          |a aaa     c</controlfield>
  <datafield tag="010" ind1=" " ind2=" ">
    <subfield code="a">no2018103264</subfield>
  </datafield>
  <datafield tag="035" ind1=" " ind2=" ">
    <subfield code="a">(OCoLC)oca11479885</subfield>
  </datafield>
  <datafield tag="040" ind1=" " ind2=" ">
    <subfield code="a">UPB</subfield>
    <subfield code="b">eng</subfield>
    <subfield code="e">rda</subfield>
    <subfield code="c">UPB</subfield>
    <subfield code="d">UPB</subfield>
    <subfield code="d">UPB-Mu</subfield>
  </datafield>
  <datafield tag="046" ind1=" " ind2=" ">
    <subfield code="f">1950~</subfield>
    <subfield code="2">edtf</subfield>
  </datafield>
  <datafield tag="100" ind1="1" ind2=" ">
    <subfield code="a">Coltrin, Gwen M.</subfield>
  </datafield>
  <datafield tag="368" ind1=" " ind2=" ">
    <subfield code="c">Americans</subfield>
    <subfield code="2">lcdgt</subfield>
  </datafield>
  <datafield tag="372" ind1=" " ind2=" ">
    <subfield code="a">Music</subfield>
    <subfield code="2">lcsh</subfield>
  </datafield>
  <datafield tag="373" ind1=" " ind2=" ">
    <subfield code="a">Church of Jesus Christ of Latter-day Saints</subfield>
    <subfield code="2">naf</subfield>
  </datafield>
  <datafield tag="374" ind1=" " ind2=" ">
    <subfield code="a">Composers</subfield>
    <subfield code="a">Lyricists</subfield>
    <subfield code="a">Authors</subfield>
    <subfield code="2">lcsh</subfield>
  </datafield>
  <datafield tag="375" ind1=" " ind2=" ">
    <subfield code="a">Females</subfield>
    <subfield code="2">lcdgt</subfield>
  </datafield>
  <datafield tag="377" ind1=" " ind2=" ">
    <subfield code="a">eng</subfield>
  </datafield>
  <datafield tag="378" ind1=" " ind2=" ">
    <subfield code="q">Gwen Moore</subfield>
  </datafield>
  <datafield tag="400" ind1="1" ind2=" ">
    <subfield code="w">nne</subfield>
    <subfield code="a">Cundick, Gwen M.</subfield>
  </datafield>
  <datafield tag="400" ind1="1" ind2=" ">
    <subfield code="a">Cundick, Gwen Moore</subfield>
  </datafield>
  <datafield tag="400" ind1="1" ind2=" ">
    <subfield code="a">Coltrin, Gwen Moore</subfield>
  </datafield>
  <datafield tag="400" ind1="1" ind2=" ">
    <subfield code="a">Moore, Gwen,</subfield>
    <subfield code="d">approximately 1950-</subfield>
  </datafield>
  <datafield tag="670" ind1=" " ind2=" ">
    <subfield code="a">Coltrin, Gwen M. When someone cares, ©1982:</subfield>
    <subfield code="b">cover (Gwen Moore Coltrin) caption (Gwen M. Cundick)</subfield>
  </datafield>
  <datafield tag="670" ind1=" " ind2=" ">
    <subfield code="a">Share the joy, 1983:</subfield>
    <subfield code="b">title page (story, lyrics and music by Gwen M. Cundick; published by the Activities Commitee of The Church of Jesus Christ of Latter-day Saints)</subfield>
  </datafield>
  <datafield tag="670" ind1=" " ind2=" ">
    <subfield code="a">UPB files, August 2, 2018</subfield>
    <subfield code="b">(Cundick, Gwen M.)</subfield>
  </datafield>
  <datafield tag="670" ind1=" " ind2=" ">
    <subfield code="a">MyHeritage, website viewed August 2, 2018</subfield>
    <subfield code="b">(Robert Milton Cundick Jr. married Gwen Moore in 1975 in Utah)</subfield>
  </datafield>
  <datafield tag="670" ind1=" " ind2=" ">
    <subfield code="a">Encyclopedia of Mormon arts, website viewed August 2, 2018</subfield>
    <subfield code="b">(Gwen Moore Cundick; American; born ca. 1950; composer and lyricist)</subfield>
  </datafield>
  <datafield tag="670" ind1=" " ind2=" ">
    <subfield code="a">Facebook, 2 January 2020</subfield>
    <subfield code="b">(Gwen Moore Coltrin)</subfield>
  </datafield>
</record>