
<record>
  <leader>01179cz  a2200253n  4500</leader>
  <controlfield tag="001">10844900</controlfield>
  <controlfield tag="003">DLC</controlfield>
  <controlfield tag="005">20200103073136.0</controlfield>
  <controlfield tag="008">180905n| azannaabn          |a aaa      </controlfield>
  <datafield tag="010" ind1=" " ind2=" ">
    <subfield code="a">n 2018244749</subfield>
  </datafield>
  <datafield tag="035" ind1=" " ind2=" ">
    <subfield code="a">(OCoLC)oca11536682</subfield>
  </datafield>
  <datafield tag="040" ind1=" " ind2=" ">
    <subfield code="a">DLC</subfield>
    <subfield code="b">eng</subfield>
    <subfield code="e">rda</subfield>
    <subfield code="c">DLC</subfield>
    <subfield code="d">IEN</subfield>
  </datafield>
  <datafield tag="046" ind1=" " ind2=" ">
    <subfield code="f">1968</subfield>
    <subfield code="2">edtf</subfield>
  </datafield>
  <datafield tag="053" ind1=" " ind2="4">
    <subfield code="a">PK2099.12.J39</subfield>
    <subfield code="5">IEN</subfield>
  </datafield>
  <datafield tag="100" ind1="1" ind2=" ">
    <subfield code="a">Ajayaśrī, Ajaya Kumāra Miśra,</subfield>
    <subfield code="d">1968-</subfield>
  </datafield>
  <datafield tag="370" ind1=" " ind2=" ">
    <subfield code="a">Gorakhpur (India)</subfield>
    <subfield code="c">India</subfield>
    <subfield code="e">Lucknow (India)</subfield>
    <subfield code="2">naf</subfield>
  </datafield>
  <datafield tag="371" ind1=" " ind2=" ">
    <subfield code="m">ajayshree30@ymail.com</subfield>
  </datafield>
  <datafield tag="372" ind1=" " ind2=" ">
    <subfield code="a">Hindi literature</subfield>
    <subfield code="a">Acting</subfield>
    <subfield code="a">Made-for-TV movies</subfield>
    <subfield code="2">lcsh</subfield>
  </datafield>
  <datafield tag="374" ind1=" " ind2=" ">
    <subfield code="a">Authors, Hindi</subfield>
    <subfield code="a">Actors</subfield>
    <subfield code="a">Television producers and directors</subfield>
    <subfield code="2">lcsh</subfield>
  </datafield>
  <datafield tag="375" ind1=" " ind2=" ">
    <subfield code="a">Males</subfield>
    <subfield code="2">lcdgt</subfield>
  </datafield>
  <datafield tag="377" ind1=" " ind2=" ">
    <subfield code="a">hin</subfield>
  </datafield>
  <datafield tag="400" ind1="0" ind2=" ">
    <subfield code="a">Ajaya Kumāra Miśra Ajayaśrī,</subfield>
    <subfield code="d">1968-</subfield>
  </datafield>
  <datafield tag="500" ind1="1" ind2=" ">
    <subfield code="a">Miśra, Ajaya Kumāra,</subfield>
    <subfield code="d">1968-</subfield>
  </datafield>
  <datafield tag="670" ind1=" " ind2=" ">
    <subfield code="a">Prema kā pahalā koṇa, Navambara 2017:</subfield>
    <subfield code="b">title page (Ajaya Kumāra Miśra &quot;Ajayaśrī&quot;) back cover (postgraduate in economics and Hindi; Hindi author, maker of telefilm and television serials, actor, officer, Songs and Drama Officer, State Information Education Communication Bureau (P.K.) U.P; lives in Lucknow, U.P.; e-mail: ajayshree30@ymail.com; born in 1968 in Gorakhpur)</subfield>
  </datafield>
</record>