
<record>
  <leader>01186cz  a2200265n  4500</leader>
  <controlfield tag="001">10888646</controlfield>
  <controlfield tag="003">DLC</controlfield>
  <controlfield tag="005">20200103073136.0</controlfield>
  <controlfield tag="008">181025n| azannaabn          |a aaa     c</controlfield>
  <datafield tag="010" ind1=" " ind2=" ">
    <subfield code="a">no2018145216</subfield>
  </datafield>
  <datafield tag="016" ind1=" " ind2=" ">
    <subfield code="a">1025H5594E</subfield>
  </datafield>
  <datafield tag="035" ind1=" " ind2=" ">
    <subfield code="a">(OCoLC)oca11618897</subfield>
  </datafield>
  <datafield tag="040" ind1=" " ind2=" ">
    <subfield code="a">CaBVa</subfield>
    <subfield code="b">eng</subfield>
    <subfield code="e">rda</subfield>
    <subfield code="c">CaBVa</subfield>
    <subfield code="d">CaOONL</subfield>
  </datafield>
  <datafield tag="042" ind1=" " ind2=" ">
    <subfield code="a">nlc</subfield>
  </datafield>
  <datafield tag="100" ind1="1" ind2=" ">
    <subfield code="a">Marsden, Sarah Grayce</subfield>
  </datafield>
  <datafield tag="370" ind1=" " ind2=" ">
    <subfield code="c">Canada</subfield>
    <subfield code="2">naf</subfield>
  </datafield>
  <datafield tag="372" ind1=" " ind2=" ">
    <subfield code="a">Law--Study and teaching (Higher)</subfield>
    <subfield code="2">lcsh</subfield>
  </datafield>
  <datafield tag="373" ind1=" " ind2=" ">
    <subfield code="a">Thompson Rivers University</subfield>
    <subfield code="2">naf</subfield>
  </datafield>
  <datafield tag="374" ind1=" " ind2=" ">
    <subfield code="a">College Teachers</subfield>
    <subfield code="a">Law teachers</subfield>
    <subfield code="2">lcsh</subfield>
  </datafield>
  <datafield tag="377" ind1=" " ind2=" ">
    <subfield code="a">eng</subfield>
  </datafield>
  <datafield tag="400" ind1="1" ind2=" ">
    <subfield code="a">Marsden, Sarah</subfield>
  </datafield>
  <datafield tag="510" ind1="2" ind2=" ">
    <subfield code="w">r</subfield>
    <subfield code="i">corporate body:</subfield>
    <subfield code="a">Labour Law Casebook Group</subfield>
    <subfield code="0">(DLC)n  86094206</subfield>
  </datafield>
  <datafield tag="670" ind1=" " ind2=" ">
    <subfield code="a">Enforcing exclusion, 2018:</subfield>
    <subfield code="b">title page (Sarah Grayce Marsden) page 4 of cover (Sarah Grayce Marsden is an assistant professor in Thompson Rivers University&apos;s faculty of Law)</subfield>
  </datafield>
  <datafield tag="670" ind1=" " ind2=" ">
    <subfield code="a">Labour and employment law, 2018:</subfield>
    <subfield code="b">title page (compiled by a group of teachers of labour and employment law known as the Labour Law Casebook Group) page iii (The labour Law Casebook Group: Sarah Marsden, Thompson Rivers University)</subfield>
  </datafield>
  <datafield tag="670" ind1=" " ind2=" ">
    <subfield code="a">LAC internal file, January 2, 2020</subfield>
    <subfield code="b">(access point: Marsden, Sarah; Canadian)</subfield>
  </datafield>
</record>