
<record>
  <leader>01253cz  a2200289n  4500</leader>
  <controlfield tag="001">10903456</controlfield>
  <controlfield tag="003">DLC</controlfield>
  <controlfield tag="005">20200103150139.0</controlfield>
  <controlfield tag="008">181112n| azannaabn           a aaa      </controlfield>
  <datafield tag="010" ind1=" " ind2=" ">
    <subfield code="a">n 2018201141</subfield>
    <subfield code="z">no2018152332</subfield>
  </datafield>
  <datafield tag="035" ind1=" " ind2=" ">
    <subfield code="a">(OCoLC)oca11650913</subfield>
  </datafield>
  <datafield tag="040" ind1=" " ind2=" ">
    <subfield code="a">DLC</subfield>
    <subfield code="b">eng</subfield>
    <subfield code="c">DLC</subfield>
    <subfield code="e">rda</subfield>
    <subfield code="d">OCoLC</subfield>
    <subfield code="d">DLC</subfield>
  </datafield>
  <datafield tag="046" ind1=" " ind2=" ">
    <subfield code="f">1946-09</subfield>
    <subfield code="2">edtf</subfield>
  </datafield>
  <datafield tag="100" ind1="1" ind2=" ">
    <subfield code="a">Maḥmūd, ʻAbd al-Majīd,</subfield>
    <subfield code="d">1946-</subfield>
  </datafield>
  <datafield tag="370" ind1=" " ind2=" ">
    <subfield code="c">Egypt</subfield>
    <subfield code="2">naf</subfield>
  </datafield>
  <datafield tag="372" ind1=" " ind2=" ">
    <subfield code="a">Law</subfield>
    <subfield code="2">lcsh</subfield>
  </datafield>
  <datafield tag="373" ind1=" " ind2=" ">
    <subfield code="a">Faculty of Law, Ain Shams University</subfield>
  </datafield>
  <datafield tag="374" ind1=" " ind2=" ">
    <subfield code="a">Attorneys general</subfield>
    <subfield code="a">Judges</subfield>
    <subfield code="2">lcsh</subfield>
  </datafield>
  <datafield tag="374" ind1=" " ind2=" ">
    <subfield code="a">Public prosecutors</subfield>
    <subfield code="2">lcsh</subfield>
  </datafield>
  <datafield tag="375" ind1=" " ind2=" ">
    <subfield code="a">male</subfield>
  </datafield>
  <datafield tag="377" ind1=" " ind2=" ">
    <subfield code="a">ara</subfield>
  </datafield>
  <datafield tag="400" ind1="1" ind2=" ">
    <subfield code="a">محمود، عبد المجيد</subfield>
  </datafield>
  <datafield tag="400" ind1="1" ind2=" ">
    <subfield code="a">ʻAbd al-Majīd, ʻAbd al-Majīd Maḥmūd</subfield>
  </datafield>
  <datafield tag="400" ind1="1" ind2=" ">
    <subfield code="a">‏عبد المجيد، عبد المجيد محمود</subfield>
  </datafield>
  <datafield tag="667" ind1=" " ind2=" ">
    <subfield code="a">Non-Latin script reference not evaluated.</subfield>
  </datafield>
  <datafield tag="670" ind1=" " ind2=" ">
    <subfield code="a">al-Muwājahah al-qānūnīyah li-zāhirat al-fasād, 2017:</subfield>
    <subfield code="b">title page (المستشار الدكتور عبد المجيد محمود = al-Mustashār al-Duktūr ʻAbd al-Majīd Maḥmūd, al-nāʼib al-ʻāmm al-asbaq) page 249 (al-Mustashār al-Duktūr ʻAbd al-Majīd Maḥmūd ʻAbd al-Majīd, born September, 1946, Ph.D. from Faculty of Law, Ain Shams University)</subfield>
  </datafield>
  <datafield tag="953" ind1=" " ind2=" ">
    <subfield code="a">we52</subfield>
  </datafield>
</record>