
<record>
  <leader>02399cz  a2200313n  4500</leader>
  <controlfield tag="001">10927624</controlfield>
  <controlfield tag="003">DLC</controlfield>
  <controlfield tag="005">20200103191324.0</controlfield>
  <controlfield tag="008">181211n| azannaabn          |a aaa     c</controlfield>
  <datafield tag="010" ind1=" " ind2=" ">
    <subfield code="a">no2018169488</subfield>
  </datafield>
  <datafield tag="035" ind1=" " ind2=" ">
    <subfield code="a">(OCoLC)oca11697599</subfield>
  </datafield>
  <datafield tag="040" ind1=" " ind2=" ">
    <subfield code="a">PE-LiPUB</subfield>
    <subfield code="b">eng</subfield>
    <subfield code="e">rda</subfield>
    <subfield code="c">PE-LiPUB</subfield>
    <subfield code="d">CSt</subfield>
    <subfield code="d">DLC</subfield>
  </datafield>
  <datafield tag="100" ind1="1" ind2=" ">
    <subfield code="a">Ramos Bonilla, Andrea</subfield>
  </datafield>
  <datafield tag="370" ind1=" " ind2=" ">
    <subfield code="f">Lima (Peru)</subfield>
    <subfield code="2">naf</subfield>
  </datafield>
  <datafield tag="371" ind1=" " ind2=" ">
    <subfield code="m">andrearamosbonilla@gmail.com</subfield>
    <subfield code="m">aramos@grade.org.pe</subfield>
  </datafield>
  <datafield tag="372" ind1=" " ind2=" ">
    <subfield code="a">Agriculture--Environmental aspects--Peru</subfield>
    <subfield code="2">lcsh</subfield>
  </datafield>
  <datafield tag="372" ind1=" " ind2=" ">
    <subfield code="a">Water-supply--Effect of global warming on--Peru</subfield>
    <subfield code="2">lcsh</subfield>
  </datafield>
  <datafield tag="372" ind1=" " ind2=" ">
    <subfield code="a">Rural development</subfield>
    <subfield code="2">lcsh</subfield>
  </datafield>
  <datafield tag="373" ind1=" " ind2=" ">
    <subfield code="a">Grupo de Análisis para el Desarrollo (Lima, Peru)</subfield>
    <subfield code="2">naf</subfield>
    <subfield code="s">2013</subfield>
    <subfield code="t">2017</subfield>
  </datafield>
  <datafield tag="373" ind1=" " ind2=" ">
    <subfield code="a">Pontificia Universidad Católica del Perú, Departamento de Economía</subfield>
    <subfield code="2">naf</subfield>
    <subfield code="s">2009</subfield>
    <subfield code="t">2015</subfield>
  </datafield>
  <datafield tag="374" ind1=" " ind2=" ">
    <subfield code="a">Economist</subfield>
    <subfield code="a">Researcher</subfield>
  </datafield>
  <datafield tag="375" ind1=" " ind2=" ">
    <subfield code="a">Females</subfield>
    <subfield code="2">lcdgt</subfield>
  </datafield>
  <datafield tag="377" ind1=" " ind2=" ">
    <subfield code="a">spa</subfield>
  </datafield>
  <datafield tag="400" ind1="1" ind2=" ">
    <subfield code="a">Bonilla, Andrea Ramos</subfield>
  </datafield>
  <datafield tag="400" ind1="1" ind2=" ">
    <subfield code="a">Ramos, Andrea</subfield>
    <subfield code="q">(Ramos Bonilla)</subfield>
  </datafield>
  <datafield tag="670" ind1=" " ind2=" ">
    <subfield code="a">La expansíon de la cobertura de telefonía móvil y su impacto en el desarrollo rural, 2018 :</subfield>
    <subfield code="b">title page, etc. (Andrea Ramos Bonilla; author thesis (licenciatura)--Pontificia Universidad Católica del Perú, Facultad de Ciencias Sociales with mention in economics (2018)</subfield>
  </datafield>
  <datafield tag="670" ind1=" " ind2=" ">
    <subfield code="a">Cambios en la actividad agropecuaria en un contexto de cambio climático y estrés hídrico, septiembre 2018:</subfield>
    <subfield code="b">title page (Andrea Ramos; published by GRADE and the Sociedad Geográfica de Lima)</subfield>
  </datafield>
  <datafield tag="670" ind1=" " ind2=" ">
    <subfield code="a">Author&apos;s Researchgate page, January 3, 2020:</subfield>
    <subfield code="b">(Andrea Ramos Bonilla; economics degree from the Pontificia Universidad Católica del Perú, Departamento de Economía (2009-2015); researcher affiliated with GRADE (2013-2017); author of several works including La expansíon de la cobertura de telefonía móvil y su impacto en el desarrollo rural and Cambios en la actividad agropecuaria en un contexto de cambio climático y estrés hídrico)</subfield>
    <subfield code="u">https://www.researchgate.net/profile/Andrea_Ramos_Bonilla2</subfield>
  </datafield>
  <datafield tag="670" ind1=" " ind2=" ">
    <subfield code="a">Author&apos;s Academia page, January 3, 2020:</subfield>
    <subfield code="b">updated June 12, 2017 (Andrea Ramos; Andrea Ramos Bonilla; resident of Lima; andrearamosbonilla@gmail.com; aramos@grade.org.pe; bachelor&apos;s in economics, master&apos;s in human development (2014), and a master&apos;s in economics, all from the Pontificia Universidad Católica del Perú; researcher affiliated with GRADE)</subfield>
    <subfield code="u">http://pucp.academia.edu/AndreaRamos/CurriculumVitae</subfield>
  </datafield>
</record>