
<record>
  <leader>02836cz  a2200361n  4500</leader>
  <controlfield tag="001">10941855</controlfield>
  <controlfield tag="003">DLC</controlfield>
  <controlfield tag="005">20200103073136.0</controlfield>
  <controlfield tag="008">190104n| azannaabn          |a aaa      </controlfield>
  <datafield tag="010" ind1=" " ind2=" ">
    <subfield code="a">n 2019000546</subfield>
  </datafield>
  <datafield tag="035" ind1=" " ind2=" ">
    <subfield code="a">(OCoLC)oca11731894</subfield>
  </datafield>
  <datafield tag="040" ind1=" " ind2=" ">
    <subfield code="a">DLC</subfield>
    <subfield code="b">eng</subfield>
    <subfield code="e">rda</subfield>
    <subfield code="c">DLC</subfield>
    <subfield code="d">GVaS</subfield>
  </datafield>
  <datafield tag="100" ind1="1" ind2=" ">
    <subfield code="a">Gans, John</subfield>
    <subfield code="q">(John A.)</subfield>
  </datafield>
  <datafield tag="370" ind1=" " ind2=" ">
    <subfield code="c">United States</subfield>
    <subfield code="e">Haddonfield (N.J.)</subfield>
    <subfield code="2">naf</subfield>
  </datafield>
  <datafield tag="371" ind1=" " ind2=" ">
    <subfield code="m">office@johngans.com</subfield>
  </datafield>
  <datafield tag="372" ind1=" " ind2=" ">
    <subfield code="a">Education, Higher</subfield>
    <subfield code="a">Political science</subfield>
    <subfield code="a">International relations</subfield>
    <subfield code="a">National security</subfield>
    <subfield code="a">Speechwriting</subfield>
    <subfield code="a">United States. Navy</subfield>
    <subfield code="a">Authorship</subfield>
    <subfield code="2">lcsh</subfield>
  </datafield>
  <datafield tag="373" ind1=" " ind2=" ">
    <subfield code="a">University of Pennsylvania</subfield>
    <subfield code="2">naf</subfield>
  </datafield>
  <datafield tag="373" ind1=" " ind2=" ">
    <subfield code="a">German Marshall Fund of the United States</subfield>
    <subfield code="2">naf</subfield>
  </datafield>
  <datafield tag="373" ind1=" " ind2=" ">
    <subfield code="a">United States. Navy</subfield>
    <subfield code="2">naf</subfield>
    <subfield code="s">2010</subfield>
  </datafield>
  <datafield tag="373" ind1=" " ind2=" ">
    <subfield code="a">United States. Department of Defense</subfield>
    <subfield code="2">naf</subfield>
  </datafield>
  <datafield tag="373" ind1=" " ind2=" ">
    <subfield code="a">United States. Department of the Treasury</subfield>
    <subfield code="2">naf</subfield>
  </datafield>
  <datafield tag="373" ind1=" " ind2=" ">
    <subfield code="a">United States. Congress. House</subfield>
    <subfield code="2">naf</subfield>
  </datafield>
  <datafield tag="373" ind1=" " ind2=" ">
    <subfield code="a">Johns Hopkins University</subfield>
    <subfield code="2">naf</subfield>
    <subfield code="t">2014</subfield>
  </datafield>
  <datafield tag="373" ind1=" " ind2=" ">
    <subfield code="a">Northwestern University (Evanston, Ill.)</subfield>
    <subfield code="2">naf</subfield>
    <subfield code="t">2000</subfield>
  </datafield>
  <datafield tag="374" ind1=" " ind2=" ">
    <subfield code="a">College teachers</subfield>
    <subfield code="a">Speechwriters</subfield>
    <subfield code="a">United States. Navy--Officers</subfield>
    <subfield code="a">Authors</subfield>
    <subfield code="2">lcsh</subfield>
  </datafield>
  <datafield tag="375" ind1=" " ind2=" ">
    <subfield code="a">Males</subfield>
    <subfield code="2">lcdgt</subfield>
  </datafield>
  <datafield tag="377" ind1=" " ind2=" ">
    <subfield code="a">eng</subfield>
  </datafield>
  <datafield tag="378" ind1=" " ind2=" ">
    <subfield code="q">John A.</subfield>
  </datafield>
  <datafield tag="400" ind1="1" ind2=" ">
    <subfield code="a">Gans, John A.,</subfield>
    <subfield code="c">Jr.</subfield>
  </datafield>
  <datafield tag="510" ind1="2" ind2=" ">
    <subfield code="w">r</subfield>
    <subfield code="i">Employer:</subfield>
    <subfield code="a">University of Pennsylvania</subfield>
  </datafield>
  <datafield tag="670" ind1=" " ind2=" ">
    <subfield code="a">White Nouse warriors, 2019:</subfield>
    <subfield code="b">ECIP t.p. (John Gans) data view (John Gans, PhD; Global Order Program, Perry World House, University of Pennsylvania. Former chief speechwriter at the Pentagon. Taught at John Hopkins University. Lives near Philadelphia.)</subfield>
  </datafield>
  <datafield tag="670" ind1=" " ind2=" ">
    <subfield code="a">Johns Hopkins University website, Jan. 4, 2019:</subfield>
    <subfield code="b">(Dr. John A. Gans, Jr. Professorial lecturer at Johns Hopkins SAIS; instructor at the Hopkins Krieger School of Arts and Sciences Advanced Academic Program)</subfield>
  </datafield>
  <datafield tag="670" ind1=" " ind2=" ">
    <subfield code="a">John Gans website, viewed December 12, 2019</subfield>
    <subfield code="b">(John Gans, PhD. is the Director of Communications and Research at the University of Pennsylvania&apos;s Perry World House global policy center. In addition, Gans teaches graduate and undergraduate classes on the international order, the politics and process of American foreign policy, and national security. He is also a fellow at the German Marshall Fund of the United States. He has served as chief speechwriter to the Secretary of Defense at the Pentagon, at the Treasury Department, and at the Office of the Speaker of the U.S. House of Representatives. In 2010, he joined the U.S. Navy reserve and currently serves as a lieutenant assigned to the Pentagon. Gans earned his MA (2009) and PhD (2014) from the Johns Hopkins University School of Advanced International Studies (SAIS). He defended with honors his dissertation on White House strategic decision-making during war. Gans received his undergraduate degree from Northwestern University (2000). He lives in Haddonfield, New Jersey. Email: office@johngans.com)</subfield>
    <subfield code="u">https://johngans.com/bio/</subfield>
  </datafield>
</record>