
<record>
  <leader>00624cz  a2200181n  4500</leader>
  <controlfield tag="001">10958519</controlfield>
  <controlfield tag="003">DLC</controlfield>
  <controlfield tag="005">20200103073137.0</controlfield>
  <controlfield tag="008">190123n| azannaabn          |n aaa     c</controlfield>
  <datafield tag="010" ind1=" " ind2=" ">
    <subfield code="a">no2019011297</subfield>
  </datafield>
  <datafield tag="035" ind1=" " ind2=" ">
    <subfield code="a">(OCoLC)oca11759898</subfield>
  </datafield>
  <datafield tag="040" ind1=" " ind2=" ">
    <subfield code="a">NjR</subfield>
    <subfield code="b">eng</subfield>
    <subfield code="e">rda</subfield>
    <subfield code="c">NjR</subfield>
    <subfield code="d">NjEiC</subfield>
  </datafield>
  <datafield tag="100" ind1="1" ind2=" ">
    <subfield code="a">Deane, Richard</subfield>
    <subfield code="c">(Horn player)</subfield>
  </datafield>
  <datafield tag="372" ind1=" " ind2=" ">
    <subfield code="a">Music</subfield>
    <subfield code="a">Horn music</subfield>
    <subfield code="2">lcsh</subfield>
  </datafield>
  <datafield tag="374" ind1=" " ind2=" ">
    <subfield code="a">Musicians</subfield>
    <subfield code="a">Horn players</subfield>
    <subfield code="2">lcsh</subfield>
  </datafield>
  <datafield tag="377" ind1=" " ind2=" ">
    <subfield code="a">eng</subfield>
  </datafield>
  <datafield tag="670" ind1=" " ind2=" ">
    <subfield code="a">Deane, Richard, (Musician). The efficient approach, 2009:</subfield>
    <subfield code="b">title page (Richard Deane)</subfield>
  </datafield>
  <datafield tag="670" ind1=" " ind2=" ">
    <subfield code="a">E-mail from author, January 13, 2019</subfield>
    <subfield code="b">(Richard Deane, horn player, prefers not to give out birth year)</subfield>
  </datafield>
</record>