
<record>
  <leader>01050cz  a2200205n  4500</leader>
  <controlfield tag="001">10977004</controlfield>
  <controlfield tag="003">DLC</controlfield>
  <controlfield tag="005">20200103084521.0</controlfield>
  <controlfield tag="008">190213n| azannaabn          |n aaa     c</controlfield>
  <datafield tag="010" ind1=" " ind2=" ">
    <subfield code="a">no2019022609</subfield>
  </datafield>
  <datafield tag="035" ind1=" " ind2=" ">
    <subfield code="a">(OCoLC)oca11813560</subfield>
  </datafield>
  <datafield tag="040" ind1=" " ind2=" ">
    <subfield code="a">TxU</subfield>
    <subfield code="b">eng</subfield>
    <subfield code="e">rda</subfield>
    <subfield code="c">TxU</subfield>
    <subfield code="d">DLC</subfield>
  </datafield>
  <datafield tag="053" ind1=" " ind2="0">
    <subfield code="a">PS3606.L3544</subfield>
  </datafield>
  <datafield tag="100" ind1="1" ind2=" ">
    <subfield code="a">Flamm, Eric</subfield>
  </datafield>
  <datafield tag="370" ind1=" " ind2=" ">
    <subfield code="e">Minnesota</subfield>
    <subfield code="e">Israel</subfield>
    <subfield code="e">Portland (Or.)</subfield>
    <subfield code="2">naf</subfield>
  </datafield>
  <datafield tag="373" ind1=" " ind2=" ">
    <subfield code="a">Lewis &amp; Clark College (Portland, Or.)</subfield>
    <subfield code="2">naf</subfield>
  </datafield>
  <datafield tag="374" ind1=" " ind2=" ">
    <subfield code="a">Authors</subfield>
    <subfield code="2">lcsh</subfield>
  </datafield>
  <datafield tag="377" ind1=" " ind2=" ">
    <subfield code="a">eng</subfield>
  </datafield>
  <datafield tag="670" ind1=" " ind2=" ">
    <subfield code="a">Flamm, Eric. Portland zionists unite! and other stories, 2019:</subfield>
    <subfield code="b">title page (Eric Flamm) p. 223 (raised in southern Minnesota; studied English literature and Chinese at Lewis &amp; Clark College in Portland, Oregon; worked as a journalist in Taiwan and a start-up company in Israel where he became a citizen; in 2001 he moved to Portland where he still lives; active in Israel advocacy since 2012; author)</subfield>
  </datafield>
  <datafield tag="670" ind1=" " ind2=" ">
    <subfield code="a">Copyright database, viewed January 3, 2020:</subfield>
    <subfield code="b">(Title: Portland Zionists Unite!; Authorship on application: Eric Flamm; Citizenship: United States )</subfield>
  </datafield>
</record>