
<record>
  <leader>00868cz  a2200205n  4500</leader>
  <controlfield tag="001">10979996</controlfield>
  <controlfield tag="003">DLC</controlfield>
  <controlfield tag="005">20200103185835.0</controlfield>
  <controlfield tag="008">190216n| azannaabn          |a ana     c</controlfield>
  <datafield tag="010" ind1=" " ind2=" ">
    <subfield code="a">no2019024478</subfield>
  </datafield>
  <datafield tag="035" ind1=" " ind2=" ">
    <subfield code="a">(OCoLC)oca11821709</subfield>
  </datafield>
  <datafield tag="040" ind1=" " ind2=" ">
    <subfield code="a">NNFr</subfield>
    <subfield code="b">eng</subfield>
    <subfield code="e">rda</subfield>
    <subfield code="c">NNFr</subfield>
    <subfield code="d">DLC</subfield>
  </datafield>
  <datafield tag="046" ind1=" " ind2=" ">
    <subfield code="s">2006</subfield>
    <subfield code="2">edtf</subfield>
  </datafield>
  <datafield tag="110" ind1="2" ind2=" ">
    <subfield code="a">Museo de Arte Contemporáneo de Caracas (2006-)</subfield>
  </datafield>
  <datafield tag="368" ind1=" " ind2=" ">
    <subfield code="a">Art museums</subfield>
    <subfield code="2">lcsh</subfield>
  </datafield>
  <datafield tag="370" ind1=" " ind2=" ">
    <subfield code="c">Venezuela</subfield>
    <subfield code="e">Caracas (Venezuela)</subfield>
    <subfield code="2">naf</subfield>
  </datafield>
  <datafield tag="372" ind1=" " ind2=" ">
    <subfield code="a">Art--Exhibitions</subfield>
    <subfield code="2">lcsh</subfield>
  </datafield>
  <datafield tag="377" ind1=" " ind2=" ">
    <subfield code="a">spa</subfield>
  </datafield>
  <datafield tag="510" ind1="2" ind2=" ">
    <subfield code="w">r</subfield>
    <subfield code="i">Predecessor:</subfield>
    <subfield code="a">Museo de Arte Contemporáneo de Caracas Sofía Imber</subfield>
  </datafield>
  <datafield tag="670" ind1=" " ind2=" ">
    <subfield code="a">Wikipedia, 8 February 2019</subfield>
    <subfield code="b">(heading: Museo de Arte Contemporáneo de Caracas; founded by Sofía Imber, 30 August 1973; renamed Museo de Arte Contemporáneo Sofía Imber, 1990-2006, after which institution reverted to former name Museo de Arte Contemporáneo de Caracas)</subfield>
  </datafield>
</record>