
<record>
  <leader>01101cz  a2200265n  4500</leader>
  <controlfield tag="001">11005159</controlfield>
  <controlfield tag="003">DLC</controlfield>
  <controlfield tag="005">20200103073137.0</controlfield>
  <controlfield tag="008">190319n| azannaabn          |a aaa      </controlfield>
  <datafield tag="010" ind1=" " ind2=" ">
    <subfield code="a">n 2019240969</subfield>
  </datafield>
  <datafield tag="035" ind1=" " ind2=" ">
    <subfield code="a">(OCoLC)oca11914693</subfield>
  </datafield>
  <datafield tag="040" ind1=" " ind2=" ">
    <subfield code="a">DLC</subfield>
    <subfield code="b">eng</subfield>
    <subfield code="e">rda</subfield>
    <subfield code="c">DLC</subfield>
    <subfield code="d">IEN</subfield>
  </datafield>
  <datafield tag="046" ind1=" " ind2=" ">
    <subfield code="f">1957-12-05</subfield>
    <subfield code="g">2015-12-08</subfield>
    <subfield code="2">edtf</subfield>
  </datafield>
  <datafield tag="053" ind1=" " ind2="4">
    <subfield code="a">PK2098.45.I37</subfield>
    <subfield code="5">IEN</subfield>
  </datafield>
  <datafield tag="100" ind1="1" ind2=" ">
    <subfield code="a">Yidrohī, Ramā Śaṅkara Yādava,</subfield>
    <subfield code="d">1957-2015</subfield>
  </datafield>
  <datafield tag="370" ind1=" " ind2=" ">
    <subfield code="a">Ahiri Firozpur (India)</subfield>
    <subfield code="b">Delhi (India)</subfield>
    <subfield code="c">India</subfield>
    <subfield code="2">naf</subfield>
  </datafield>
  <datafield tag="372" ind1=" " ind2=" ">
    <subfield code="a">Hindi poetry</subfield>
    <subfield code="2">lcsh</subfield>
  </datafield>
  <datafield tag="373" ind1=" " ind2=" ">
    <subfield code="a">Jawaharlal Nehru University</subfield>
    <subfield code="2">naf</subfield>
  </datafield>
  <datafield tag="374" ind1=" " ind2=" ">
    <subfield code="a">Poets</subfield>
    <subfield code="2">lcsh</subfield>
  </datafield>
  <datafield tag="375" ind1=" " ind2=" ">
    <subfield code="a">Males</subfield>
    <subfield code="2">lcdgt</subfield>
  </datafield>
  <datafield tag="377" ind1=" " ind2=" ">
    <subfield code="a">hin</subfield>
  </datafield>
  <datafield tag="400" ind1="0" ind2=" ">
    <subfield code="a">Ramā Śaṅkara Yādava Yidrohī,</subfield>
    <subfield code="d">1957-2015</subfield>
  </datafield>
  <datafield tag="400" ind1="1" ind2=" ">
    <subfield code="a">Yādava, Ramā Śaṅkara,</subfield>
    <subfield code="d">1957-2015</subfield>
  </datafield>
  <datafield tag="400" ind1="1" ind2=" ">
    <subfield code="a">Yadav, Rama Shankar,</subfield>
    <subfield code="d">1957-2015</subfield>
  </datafield>
  <datafield tag="670" ind1=" " ind2=" ">
    <subfield code="a">Nayī khetī, 2018:</subfield>
    <subfield code="b">title page (Ramā Śaṅkara Yādava &apos;Yidrohī&apos;) title page verso (Rama Shankar Yadav &apos;Vidrohi&apos;) jacket (educated in Jawaharlal Nehru University; poet; born December 5, 1957, Ahiri Firozpur village, Sultanpur District, Uttar Pradesh; died December 8, 2015, Delhi)</subfield>
  </datafield>
</record>