
<record>
  <leader>00746cz  a2200181n  4500</leader>
  <controlfield tag="001">11015985</controlfield>
  <controlfield tag="003">DLC</controlfield>
  <controlfield tag="005">20200103143101.0</controlfield>
  <controlfield tag="008">190328n| azannaabn          |a aaa     c</controlfield>
  <datafield tag="010" ind1=" " ind2=" ">
    <subfield code="a">no2019047146</subfield>
  </datafield>
  <datafield tag="035" ind1=" " ind2=" ">
    <subfield code="a">(OCoLC)oca11902887</subfield>
  </datafield>
  <datafield tag="040" ind1=" " ind2=" ">
    <subfield code="a">NN</subfield>
    <subfield code="b">eng</subfield>
    <subfield code="e">rda</subfield>
    <subfield code="c">NN</subfield>
    <subfield code="d">DLC</subfield>
  </datafield>
  <datafield tag="100" ind1="1" ind2=" ">
    <subfield code="a">Rangel, Patrícia Luisa Nogueira</subfield>
  </datafield>
  <datafield tag="373" ind1=" " ind2=" ">
    <subfield code="a">Universidade Unigranrio</subfield>
    <subfield code="2">naf</subfield>
  </datafield>
  <datafield tag="374" ind1=" " ind2=" ">
    <subfield code="a">Teachers</subfield>
    <subfield code="2">lcsh</subfield>
  </datafield>
  <datafield tag="377" ind1=" " ind2=" ">
    <subfield code="a">por</subfield>
  </datafield>
  <datafield tag="400" ind1="1" ind2=" ">
    <subfield code="a">Nogueira Rangel, Patrícia Luisa</subfield>
  </datafield>
  <datafield tag="670" ind1=" " ind2=" ">
    <subfield code="a">Às margens, 2017:</subfield>
    <subfield code="b">title page (Patrícia Luisa Nogueira Rangel) p. 157 (Doctorate in humanities, culture and art from the UNIGRANRIO; master of letters and human sciences; works with Portuguese language teaching and encourages reading and production of texts  at SEMED/Nova Iguaçu)</subfield>
  </datafield>
</record>