
<record>
  <leader>00612cz  a2200181n  4500</leader>
  <controlfield tag="001">11030713</controlfield>
  <controlfield tag="003">DLC</controlfield>
  <controlfield tag="005">20200103160312.0</controlfield>
  <controlfield tag="008">190415n| azannaabn          |n aaa     c</controlfield>
  <datafield tag="010" ind1=" " ind2=" ">
    <subfield code="a">no2019056014</subfield>
  </datafield>
  <datafield tag="035" ind1=" " ind2=" ">
    <subfield code="a">(OCoLC)oca11983085</subfield>
  </datafield>
  <datafield tag="040" ind1=" " ind2=" ">
    <subfield code="a">UkCU</subfield>
    <subfield code="b">eng</subfield>
    <subfield code="e">rda</subfield>
    <subfield code="c">UkCU</subfield>
    <subfield code="d">DLC</subfield>
  </datafield>
  <datafield tag="046" ind1=" " ind2=" ">
    <subfield code="f">1967</subfield>
    <subfield code="2">edtf</subfield>
  </datafield>
  <datafield tag="100" ind1="1" ind2=" ">
    <subfield code="a">Nannini, Enrico,</subfield>
    <subfield code="d">1967-</subfield>
  </datafield>
  <datafield tag="372" ind1=" " ind2=" ">
    <subfield code="a">Musicology</subfield>
    <subfield code="2">lcsh</subfield>
  </datafield>
  <datafield tag="373" ind1=" " ind2=" ">
    <subfield code="a">Università di Modena e Reggio Emilia</subfield>
    <subfield code="2">naf</subfield>
  </datafield>
  <datafield tag="377" ind1=" " ind2=" ">
    <subfield code="a">ita</subfield>
  </datafield>
  <datafield tag="670" ind1=" " ind2=" ">
    <subfield code="a">Nannini, Enrico. Donatoni e il fare musica, 2018:</subfield>
    <subfield code="b">title page (Enrico Nannini) page 4 of cover (born in 1967; studied at the Università di Modena e Reggio Emilia)</subfield>
  </datafield>
</record>