
<record>
  <leader>02698cz  a2200313n  4500</leader>
  <controlfield tag="001">11075278</controlfield>
  <controlfield tag="003">DLC</controlfield>
  <controlfield tag="005">20200103105424.0</controlfield>
  <controlfield tag="008">190531n| azannaabn          |a aaa     c</controlfield>
  <datafield tag="010" ind1=" " ind2=" ">
    <subfield code="a">no2019081404</subfield>
  </datafield>
  <datafield tag="035" ind1=" " ind2=" ">
    <subfield code="a">(OCoLC)oca12125965</subfield>
  </datafield>
  <datafield tag="040" ind1=" " ind2=" ">
    <subfield code="a">NmU</subfield>
    <subfield code="b">eng</subfield>
    <subfield code="e">rda</subfield>
    <subfield code="c">NmU</subfield>
    <subfield code="d">DLC</subfield>
  </datafield>
  <datafield tag="100" ind1="1" ind2=" ">
    <subfield code="a">Chambi Coaquira, Mery</subfield>
  </datafield>
  <datafield tag="370" ind1=" " ind2=" ">
    <subfield code="f">La Paz (Bolivia)</subfield>
    <subfield code="2">naf</subfield>
  </datafield>
  <datafield tag="370" ind1=" " ind2=" ">
    <subfield code="f">Quibaya (Bolivia)</subfield>
    <subfield code="2">naf</subfield>
  </datafield>
  <datafield tag="371" ind1=" " ind2=" ">
    <subfield code="m">merychambi@hotmail.com</subfield>
  </datafield>
  <datafield tag="372" ind1=" " ind2=" ">
    <subfield code="a">Aymara Indians</subfield>
    <subfield code="2">lcsh</subfield>
  </datafield>
  <datafield tag="373" ind1=" " ind2=" ">
    <subfield code="a">Universidad Mayor de San Andres, Carrera de Lingüística e Idiomas</subfield>
    <subfield code="2">naf</subfield>
  </datafield>
  <datafield tag="374" ind1=" " ind2=" ">
    <subfield code="a">Professor</subfield>
    <subfield code="a">Researcher</subfield>
    <subfield code="a">Linguist</subfield>
  </datafield>
  <datafield tag="375" ind1=" " ind2=" ">
    <subfield code="a">Females</subfield>
    <subfield code="2">lcdgt</subfield>
  </datafield>
  <datafield tag="377" ind1=" " ind2=" ">
    <subfield code="a">spa</subfield>
  </datafield>
  <datafield tag="400" ind1="1" ind2=" ">
    <subfield code="a">Coaquira, Mery Chambi</subfield>
  </datafield>
  <datafield tag="400" ind1="1" ind2=" ">
    <subfield code="a">Chambi, Mery</subfield>
  </datafield>
  <datafield tag="670" ind1=" " ind2=" ">
    <subfield code="a">La lingüística y el léxico semántico del matrimonio aymara, 2018:</subfield>
    <subfield code="b">title page (Mery Chambi Coaquira) title page verso (merychambi@hotmail.com) page 12 (research for this book was done in Quiabaya, Larecaja province, La Paz department)</subfield>
  </datafield>
  <datafield tag="670" ind1=" " ind2=" ">
    <subfield code="a">Universidad Mayor de San Andres, Carrera de Lingüística e Idiomas website, January 3, 2020:</subfield>
    <subfield code="b">(Mery Chambi Coaquira; author of La lingüística y el léxico semántico del matrimonio aymara; El lexico en el discurso del matrimonio aymara de Quiabaya provincia larecaja La Paz (2006; thesis (técnico superior), Universidad Mayor de San Andrés, Facultad de Humanidades, Carrera de Lingüística e Idiomas); and El léxico semántico de Todos los Santos Aymara de Quiabaya, provincia Larecaja, La Paz (2008; thesis, licenciatura; Universidad Mayor de San Andrés, Facultad de Humanidades, Carrera de Lingüística e Idiomas))</subfield>
    <subfield code="u">http://www.linguistica.umsa.bo/index.php/catalogo-bibliografico-en-linea</subfield>
  </datafield>
  <datafield tag="670" ind1=" " ind2=" ">
    <subfield code="a">Fundación para la Investigación Estratégica en Bolivia (PIEB) website, January 3, 2020:</subfield>
    <subfield code="b">posted February 4, 2015 (Mery Chambi; researcher affiliated with the Carrera de Lingüística e Idiomas of the Universidad Mayor de San Andrés)</subfield>
    <subfield code="u">https://www.pieb.com.bo/sipieb_nota.php?idn=9473</subfield>
  </datafield>
  <datafield tag="670" ind1=" " ind2=" ">
    <subfield code="a">Author&apos;s Facebook page, January 3, 2020:</subfield>
    <subfield code="b">(Mery Chambi Coaquira; studied at the Universidad Mayor de San Andres)</subfield>
    <subfield code="u">https://www.facebook.com/mery.chambicoaquira</subfield>
  </datafield>
  <datafield tag="670" ind1=" " ind2=" ">
    <subfield code="a">El léxico semántico de Todos los Santos Aymara de Quiabaya, provincia Larecaja, La Paz, 2008:</subfield>
    <subfield code="b">title page (Mery Chambi Coaquira) page 2 (father is Nicanor Chambi; mother is Filomena Coaquira)</subfield>
    <subfield code="u">https://repositorio.umsa.bo/bitstream/handle/123456789/15922/T-1909.pdf?sequence=1&amp;isAllowed=y</subfield>
  </datafield>
  <datafield tag="670" ind1=" " ind2=" ">
    <subfield code="a">El Diario website, November 1, 2012:</subfield>
    <subfield code="b">(Mery Chambi Coaquira; Mery Chambi; professor affiliated with the Universidad Mayor de San Andrés; article is about the Aymaran celebration of Todos los Santos)</subfield>
    <subfield code="u"></subfield>
  </datafield>
</record>