
<record>
  <leader>00734cz  a2200169n  4500</leader>
  <controlfield tag="001">11091385</controlfield>
  <controlfield tag="003">DLC</controlfield>
  <controlfield tag="005">20200103100434.0</controlfield>
  <controlfield tag="008">190619n| azannaabn          |n ana      </controlfield>
  <datafield tag="010" ind1=" " ind2=" ">
    <subfield code="a">n 2019250888</subfield>
  </datafield>
  <datafield tag="040" ind1=" " ind2=" ">
    <subfield code="a">DLC</subfield>
    <subfield code="b">eng</subfield>
    <subfield code="c">DLC</subfield>
    <subfield code="e">rda</subfield>
    <subfield code="d">DLC</subfield>
  </datafield>
  <datafield tag="046" ind1=" " ind2=" ">
    <subfield code="s">2017-05-18</subfield>
    <subfield code="t">2017-05-21</subfield>
    <subfield code="2">edtf</subfield>
  </datafield>
  <datafield tag="111" ind1="2" ind2=" ">
    <subfield code="a">Seminário Soluções para o Brasil Voltar a Crescer</subfield>
    <subfield code="d">(2017 :</subfield>
    <subfield code="c">Salvador, Brazil)</subfield>
  </datafield>
  <datafield tag="370" ind1=" " ind2=" ">
    <subfield code="e">Salvador (Brazil)</subfield>
    <subfield code="2">naf</subfield>
  </datafield>
  <datafield tag="373" ind1=" " ind2=" ">
    <subfield code="a">Colégio Permanente de Diretores de Escolas Estaduais da Magistratura</subfield>
    <subfield code="2">naf</subfield>
  </datafield>
  <datafield tag="377" ind1=" " ind2=" ">
    <subfield code="a">por</subfield>
  </datafield>
  <datafield tag="670" ind1=" " ind2=" ">
    <subfield code="a">Seminário Soluções para o Brasil Voltar a Crescer, 2017:</subfield>
    <subfield code="b">t.p. (Seminário Soluções para o Brasil Voltar a Crescer; held May 18-21, 2017 at Iberostar, Praia do Forte, Bahia) p. 6 (held by COPEDEM)</subfield>
  </datafield>
</record>