
<record>
  <leader>00938cz  a2200181n  4500</leader>
  <controlfield tag="001">11093777</controlfield>
  <controlfield tag="003">DLC</controlfield>
  <controlfield tag="005">20200103090903.0</controlfield>
  <controlfield tag="008">190621n| azannaabn          |a ana      </controlfield>
  <datafield tag="010" ind1=" " ind2=" ">
    <subfield code="a">n 2019250895</subfield>
  </datafield>
  <datafield tag="040" ind1=" " ind2=" ">
    <subfield code="a">DLC</subfield>
    <subfield code="b">eng</subfield>
    <subfield code="c">DLC</subfield>
    <subfield code="e">rda</subfield>
    <subfield code="d">DLC</subfield>
  </datafield>
  <datafield tag="046" ind1=" " ind2=" ">
    <subfield code="s">2015-04-09</subfield>
    <subfield code="t">2015-04-12</subfield>
    <subfield code="2">edtf</subfield>
  </datafield>
  <datafield tag="111" ind1="2" ind2=" ">
    <subfield code="a">Seminário Novos Rumos para um Desenvolvimento Sustentável</subfield>
    <subfield code="d">(2015 :</subfield>
    <subfield code="c">Rio de Janeiro, Brazil)</subfield>
  </datafield>
  <datafield tag="370" ind1=" " ind2=" ">
    <subfield code="a">Rio de Janeiro (Brazil)</subfield>
    <subfield code="2">naf</subfield>
  </datafield>
  <datafield tag="373" ind1=" " ind2=" ">
    <subfield code="a">Colégio Permanente de Diretores de Escolas Estaduais da Magistratura</subfield>
    <subfield code="a">União Internacional de Juízes de Língua Portuguesa</subfield>
    <subfield code="2">naf</subfield>
  </datafield>
  <datafield tag="377" ind1=" " ind2=" ">
    <subfield code="a">por</subfield>
  </datafield>
  <datafield tag="411" ind1="2" ind2=" ">
    <subfield code="a">Seminário Novos Rumos Para um Desenvolvimento Sustentável: Aspectos Jurídicos, Econômico-financeiros e Ambientais</subfield>
    <subfield code="d">(2015 :</subfield>
    <subfield code="c">Rio de Janeiro, Brazil)</subfield>
  </datafield>
  <datafield tag="670" ind1=" " ind2=" ">
    <subfield code="a">Seminário Novos Rumos para um Desenvolvimento Sustentável, 2015:</subfield>
    <subfield code="b">(held Apr. 9-12, 2015 at Portobello Resort e Safari in Rio de Janeiro) p. 6 (held by COPEDEM)</subfield>
  </datafield>
</record>