
<record>
  <leader>01031cz  a2200229n  4500</leader>
  <controlfield tag="001">11111312</controlfield>
  <controlfield tag="003">DLC</controlfield>
  <controlfield tag="005">20200103073139.0</controlfield>
  <controlfield tag="008">190712n| azannaabn          |n aaa      </controlfield>
  <datafield tag="010" ind1=" " ind2=" ">
    <subfield code="a">n 2019040995</subfield>
  </datafield>
  <datafield tag="035" ind1=" " ind2=" ">
    <subfield code="a">(OCoLC)oca12258362</subfield>
  </datafield>
  <datafield tag="040" ind1=" " ind2=" ">
    <subfield code="a">DLC</subfield>
    <subfield code="b">eng</subfield>
    <subfield code="e">rda</subfield>
    <subfield code="c">DLC</subfield>
    <subfield code="d">UPB</subfield>
  </datafield>
  <datafield tag="046" ind1=" " ind2=" ">
    <subfield code="f">1981</subfield>
    <subfield code="2">edtf</subfield>
  </datafield>
  <datafield tag="100" ind1="1" ind2=" ">
    <subfield code="a">Volosin, Natalia A.</subfield>
  </datafield>
  <datafield tag="370" ind1=" " ind2=" ">
    <subfield code="a">Buenos Aires (Argentina)</subfield>
    <subfield code="2">naf</subfield>
  </datafield>
  <datafield tag="373" ind1=" " ind2=" ">
    <subfield code="a">Universidad de Buenos Aires</subfield>
    <subfield code="2">naf</subfield>
  </datafield>
  <datafield tag="374" ind1=" " ind2=" ">
    <subfield code="a">College teachers</subfield>
    <subfield code="2">lcsh</subfield>
  </datafield>
  <datafield tag="375" ind1=" " ind2=" ">
    <subfield code="a">Females</subfield>
    <subfield code="2">lcdgt</subfield>
  </datafield>
  <datafield tag="377" ind1=" " ind2=" ">
    <subfield code="a">spa</subfield>
  </datafield>
  <datafield tag="670" ind1=" " ind2=" ">
    <subfield code="a">Corruption in Argentina, 2020:</subfield>
    <subfield code="b">ECip t.p. (Natalia A. Volosin)</subfield>
  </datafield>
  <datafield tag="670" ind1=" " ind2=" ">
    <subfield code="a">La máquina de la corrupción, 2019:</subfield>
    <subfield code="b">title page (Natalia Volosin) front flap (Natalia Volosin; born 1981 in Buenos Aires; Ph. D. in Law from Yales University; was a professor at Universidad de Buenos Aires, Universidad Di TElla, Universidad de Palemo, Universidad de San Andrés and the Univesidad Nacional de San Martín; currently is official in the Procuración General de la Nación and teaches at the UBA)</subfield>
  </datafield>
  <datafield tag="953" ind1=" " ind2=" ">
    <subfield code="a">re25</subfield>
  </datafield>
</record>