
<record>
  <leader>00656cz  a2200157n  4500</leader>
  <controlfield tag="001">11135203</controlfield>
  <controlfield tag="003">DLC</controlfield>
  <controlfield tag="005">20200103153424.0</controlfield>
  <controlfield tag="008">190807n| azannaabn          |n ana      </controlfield>
  <datafield tag="010" ind1=" " ind2=" ">
    <subfield code="a">n 2019251171</subfield>
  </datafield>
  <datafield tag="040" ind1=" " ind2=" ">
    <subfield code="a">DLC</subfield>
    <subfield code="b">eng</subfield>
    <subfield code="c">DLC</subfield>
    <subfield code="e">rda</subfield>
    <subfield code="d">DLC</subfield>
  </datafield>
  <datafield tag="046" ind1=" " ind2=" ">
    <subfield code="s">2010-10</subfield>
    <subfield code="t">2010-10</subfield>
    <subfield code="2">edtf</subfield>
  </datafield>
  <datafield tag="111" ind1="2" ind2=" ">
    <subfield code="a">Seminário sobre Sustentabilidade</subfield>
    <subfield code="n">(5th :</subfield>
    <subfield code="d">2010 :</subfield>
    <subfield code="c">Curitiba, Brazil)</subfield>
  </datafield>
  <datafield tag="370" ind1=" " ind2=" ">
    <subfield code="e">Curitiba (Brazil)</subfield>
    <subfield code="2">naf</subfield>
  </datafield>
  <datafield tag="377" ind1=" " ind2=" ">
    <subfield code="a">por</subfield>
  </datafield>
  <datafield tag="670" ind1=" " ind2=" ">
    <subfield code="a">Sustentabilidade, 2011:</subfield>
    <subfield code="b">t.p. (V Seminário sobre Sustentabilidade) p. 7 (5o. Seminário sobre Sustentabilidade; held in Curitiba, 2010; sponsored by Programa de Mestrado em Organizações e Desenvolvimento da FAE-Centro Universitário)</subfield>
  </datafield>
</record>