
<record>
  <leader>01223cz  a2200229n  4500</leader>
  <controlfield tag="001">11137503</controlfield>
  <controlfield tag="003">DLC</controlfield>
  <controlfield tag="005">20200103073139.0</controlfield>
  <controlfield tag="008">190808n| azannaabn          |b aaa     c</controlfield>
  <datafield tag="010" ind1=" " ind2=" ">
    <subfield code="a">no2019116663</subfield>
  </datafield>
  <datafield tag="035" ind1=" " ind2=" ">
    <subfield code="a">(OCoLC)oca12338624</subfield>
  </datafield>
  <datafield tag="040" ind1=" " ind2=" ">
    <subfield code="a">ICU</subfield>
    <subfield code="b">eng</subfield>
    <subfield code="e">rda</subfield>
    <subfield code="c">ICU</subfield>
    <subfield code="d">WU</subfield>
  </datafield>
  <datafield tag="100" ind1="1" ind2=" ">
    <subfield code="a">Moskvina, M. V.</subfield>
    <subfield code="q">(Margarita Vasilʹevna)</subfield>
  </datafield>
  <datafield tag="370" ind1=" " ind2=" ">
    <subfield code="e">Novosibirsk (Russia)</subfield>
    <subfield code="2">naf</subfield>
  </datafield>
  <datafield tag="373" ind1=" " ind2=" ">
    <subfield code="a">Institut arkheologii i ėtnografii (Rossiĭskai︠a︡ akademii︠a︡ nauk. Sibirskoe otdelenie)</subfield>
    <subfield code="2">naf</subfield>
  </datafield>
  <datafield tag="374" ind1=" " ind2=" ">
    <subfield code="a">Ethnologists</subfield>
    <subfield code="2">lcsh</subfield>
  </datafield>
  <datafield tag="375" ind1=" " ind2=" ">
    <subfield code="a">Females</subfield>
    <subfield code="2">lcdgt</subfield>
  </datafield>
  <datafield tag="377" ind1=" " ind2=" ">
    <subfield code="a">rus</subfield>
  </datafield>
  <datafield tag="400" ind1="1" ind2=" ">
    <subfield code="a">Moskvina, Margarita Vasilʹevna</subfield>
  </datafield>
  <datafield tag="400" ind1="1" ind2=" ">
    <subfield code="a">Москвина, М. В.</subfield>
    <subfield code="q">(Маргарита Васильевна)</subfield>
  </datafield>
  <datafield tag="667" ind1=" " ind2=" ">
    <subfield code="a">Non-Latin script reference not evaluated.</subfield>
  </datafield>
  <datafield tag="670" ind1=" " ind2=" ">
    <subfield code="a">Tradit︠s︡ionnye zhenskie ukrashenii︠a︡ ti︠u︡rkskikh narodov Sibiri, 2018:</subfield>
    <subfield code="b">title page (М.В. Москвина = M.V. Moskvina) colophon (Москвина Маргарита Васильевна = Moskvina Margarita Vasilʹevna) page 94 (junior researcher at the Institute of Archaeology and Ethnography of the Siberian Branch of the Russian Academy of Sciences (Novosibirsk); conducts ethnological research in the Altai Region, and Western Siberia)</subfield>
  </datafield>
</record>