
<record>
  <leader>00365cz  a2200133n  4500</leader>
  <controlfield tag="001">11145163</controlfield>
  <controlfield tag="003">DLC</controlfield>
  <controlfield tag="005">20200103100259.0</controlfield>
  <controlfield tag="008">190819n| azannaabn          |n aaa      </controlfield>
  <datafield tag="010" ind1=" " ind2=" ">
    <subfield code="a">no2019121592</subfield>
  </datafield>
  <datafield tag="035" ind1=" " ind2=" ">
    <subfield code="a">(OCoLC)oca12365313</subfield>
  </datafield>
  <datafield tag="040" ind1=" " ind2=" ">
    <subfield code="a">DLC-S</subfield>
    <subfield code="b">eng</subfield>
    <subfield code="e">rda</subfield>
    <subfield code="c">DLC-S</subfield>
    <subfield code="d">DLC-S</subfield>
    <subfield code="d">DLC</subfield>
  </datafield>
  <datafield tag="100" ind1="1" ind2=" ">
    <subfield code="a">Diaz, Aurora</subfield>
  </datafield>
  <datafield tag="670" ind1=" " ind2=" ">
    <subfield code="a">The Bettys, Vol. 1 [2015]:</subfield>
    <subfield code="b">introduction page (Aurora Diaz)</subfield>
  </datafield>
</record>