
<record>
  <leader>01359cz  a2200277n  4500</leader>
  <controlfield tag="001">11147497</controlfield>
  <controlfield tag="003">DLC</controlfield>
  <controlfield tag="005">20200103073139.0</controlfield>
  <controlfield tag="008">190821n| azannaabn          |n aaa     c</controlfield>
  <datafield tag="010" ind1=" " ind2=" ">
    <subfield code="a">no2019122895</subfield>
  </datafield>
  <datafield tag="016" ind1=" " ind2=" ">
    <subfield code="a">1027H4483E</subfield>
  </datafield>
  <datafield tag="035" ind1=" " ind2=" ">
    <subfield code="a">(OCoLC)oca12369456</subfield>
  </datafield>
  <datafield tag="040" ind1=" " ind2=" ">
    <subfield code="a">IAhCCS</subfield>
    <subfield code="b">eng</subfield>
    <subfield code="e">rda</subfield>
    <subfield code="c">IAhCCS</subfield>
    <subfield code="d">CaOONL</subfield>
  </datafield>
  <datafield tag="042" ind1=" " ind2=" ">
    <subfield code="a">nlc</subfield>
  </datafield>
  <datafield tag="046" ind1=" " ind2=" ">
    <subfield code="f">1964</subfield>
    <subfield code="2">edtf</subfield>
  </datafield>
  <datafield tag="053" ind1=" " ind2="4">
    <subfield code="a">PS8645.I4747</subfield>
    <subfield code="5">CaOONL</subfield>
  </datafield>
  <datafield tag="100" ind1="1" ind2=" ">
    <subfield code="a">Wilson, Martha,</subfield>
    <subfield code="d">1964-</subfield>
  </datafield>
  <datafield tag="370" ind1=" " ind2=" ">
    <subfield code="c">United States</subfield>
    <subfield code="c">Canada</subfield>
    <subfield code="e">Canada</subfield>
    <subfield code="2">naf</subfield>
  </datafield>
  <datafield tag="372" ind1=" " ind2=" ">
    <subfield code="a">Fiction</subfield>
    <subfield code="a">Short stories</subfield>
    <subfield code="2">lcsh</subfield>
  </datafield>
  <datafield tag="374" ind1=" " ind2=" ">
    <subfield code="a">Authors</subfield>
    <subfield code="2">lcsh</subfield>
  </datafield>
  <datafield tag="375" ind1=" " ind2=" ">
    <subfield code="a">Females</subfield>
    <subfield code="2">lcdgt</subfield>
  </datafield>
  <datafield tag="377" ind1=" " ind2=" ">
    <subfield code="a">eng</subfield>
  </datafield>
  <datafield tag="670" ind1=" " ind2=" ">
    <subfield code="a">Wilson, Martha. Nosy white woman, 2019:</subfield>
    <subfield code="b">LAC CIP application (Martha Wilson; American) title page (Martha Wilson)</subfield>
  </datafield>
  <datafield tag="670" ind1=" " ind2=" ">
    <subfield code="a">VIAF, viewed Aug. 21, 2019</subfield>
    <subfield code="b">(LAC hdg.: Wilson, Martha, 1964-)</subfield>
  </datafield>
  <datafield tag="670" ind1=" " ind2=" ">
    <subfield code="a">Publisher&apos;s web-site, viewed Aug. 21, 2019</subfield>
    <subfield code="b">(Martha Wilson&apos;s fiction has appeared in Best Canadian Stories 2017 and in the New Quarterly. She was runner-up for the 2017 Peter Hinchcliffe Fiction Prize and a finalist for the New South 2018 fiction prize. Her writing has also been in Real Simple, the New York Times, the Japan Times, Kansai Time Out, and the International Herald-Tribune. She is American but for more than twenty years has made her home in Canada).</subfield>
  </datafield>
  <datafield tag="670" ind1=" " ind2=" ">
    <subfield code="a">LAC legal deposit form, November 26, 2019</subfield>
    <subfield code="b">(Martha Wilson; Canadian)</subfield>
  </datafield>
</record>