
<record>
  <leader>00421cz  a2200133n  4500</leader>
  <controlfield tag="001">11148246</controlfield>
  <controlfield tag="003">DLC</controlfield>
  <controlfield tag="005">20200103095944.0</controlfield>
  <controlfield tag="008">190823n| azannaabn          |a ana      </controlfield>
  <datafield tag="010" ind1=" " ind2=" ">
    <subfield code="a">n 2019230722</subfield>
  </datafield>
  <datafield tag="040" ind1=" " ind2=" ">
    <subfield code="a">DLC</subfield>
    <subfield code="b">eng</subfield>
    <subfield code="e">rda</subfield>
    <subfield code="c">DLC</subfield>
    <subfield code="d">DLC</subfield>
  </datafield>
  <datafield tag="110" ind1="1" ind2=" ">
    <subfield code="a">Uganda.</subfield>
    <subfield code="t">Prisons Act, 2006</subfield>
  </datafield>
  <datafield tag="410" ind1="1" ind2=" ">
    <subfield code="a">Uganda</subfield>
    <subfield code="t">Prisons Act, No. 17 of 2006</subfield>
  </datafield>
  <datafield tag="670" ind1=" " ind2=" ">
    <subfield code="a">Review and reform of the Prisons Act, 2006, March 2016:</subfield>
    <subfield code="b">foreword (Prisons Act, No. 17 of 2006)</subfield>
  </datafield>
</record>