
<record>
  <leader>00793cz  a2200193n  4500</leader>
  <controlfield tag="001">11159489</controlfield>
  <controlfield tag="003">DLC</controlfield>
  <controlfield tag="005">20200103131654.0</controlfield>
  <controlfield tag="008">190904n| azannaabn          |n aaa     c</controlfield>
  <datafield tag="010" ind1=" " ind2=" ">
    <subfield code="a">no2019130321</subfield>
  </datafield>
  <datafield tag="035" ind1=" " ind2=" ">
    <subfield code="a">(OCoLC)oca12409662</subfield>
  </datafield>
  <datafield tag="040" ind1=" " ind2=" ">
    <subfield code="a">IlMpPL</subfield>
    <subfield code="b">eng</subfield>
    <subfield code="e">rda</subfield>
    <subfield code="c">IlMpPL</subfield>
    <subfield code="d">DLC</subfield>
  </datafield>
  <datafield tag="046" ind1=" " ind2=" ">
    <subfield code="f">1949</subfield>
    <subfield code="2">edtf</subfield>
  </datafield>
  <datafield tag="053" ind1=" " ind2="0">
    <subfield code="a">PS3608.A72539</subfield>
  </datafield>
  <datafield tag="100" ind1="1" ind2=" ">
    <subfield code="a">Hardinger, Elizabeth</subfield>
  </datafield>
  <datafield tag="370" ind1=" " ind2=" ">
    <subfield code="e">Eugene (Or.)</subfield>
    <subfield code="2">naf</subfield>
  </datafield>
  <datafield tag="374" ind1=" " ind2=" ">
    <subfield code="a">Authors</subfield>
    <subfield code="a">Novelists</subfield>
    <subfield code="2">lcsh</subfield>
  </datafield>
  <datafield tag="670" ind1=" " ind2=" ">
    <subfield code="a">Hardinger, Elizabeth. All the forgivenesses, 2019:</subfield>
    <subfield code="b">title page (Elizabeth Hardinger) book jacket (All the forgivenesses is her debut novel. She lives in Eugene, Oregon. Her website is elizabethhardinger.com)</subfield>
  </datafield>
  <datafield tag="670" ind1=" " ind2=" ">
    <subfield code="a">Copyright database, viewed January 3, 2020:</subfield>
    <subfield code="b">(Title: All the forgiveness; Authorship on application: Elizabeth Hardinger, 1949-)</subfield>
  </datafield>
</record>