
<record>
  <leader>01267cz  a2200253n  4500</leader>
  <controlfield tag="001">11160242</controlfield>
  <controlfield tag="003">DLC</controlfield>
  <controlfield tag="005">20200103073139.0</controlfield>
  <controlfield tag="008">190905n| azannaabn          |a aaa      </controlfield>
  <datafield tag="010" ind1=" " ind2=" ">
    <subfield code="a">no2019130398</subfield>
  </datafield>
  <datafield tag="016" ind1=" " ind2=" ">
    <subfield code="a">1031J3496E</subfield>
  </datafield>
  <datafield tag="035" ind1=" " ind2=" ">
    <subfield code="a">(OCoLC)oca12409739</subfield>
  </datafield>
  <datafield tag="040" ind1=" " ind2=" ">
    <subfield code="a">CaOONL</subfield>
    <subfield code="b">eng</subfield>
    <subfield code="e">rda</subfield>
    <subfield code="c">CaOONL</subfield>
    <subfield code="d">CaOONL</subfield>
  </datafield>
  <datafield tag="042" ind1=" " ind2=" ">
    <subfield code="a">nlc</subfield>
  </datafield>
  <datafield tag="046" ind1=" " ind2=" ">
    <subfield code="f">1894-08-21</subfield>
    <subfield code="g">1919-12-25</subfield>
    <subfield code="2">edtf</subfield>
  </datafield>
  <datafield tag="100" ind1="1" ind2=" ">
    <subfield code="a">McKeever, Andrew Edward,</subfield>
    <subfield code="d">1894-1919</subfield>
  </datafield>
  <datafield tag="370" ind1=" " ind2=" ">
    <subfield code="a">Listowel (Ont.)</subfield>
  </datafield>
  <datafield tag="370" ind1=" " ind2=" ">
    <subfield code="b">Toronto (Ont.)</subfield>
    <subfield code="c">Canada</subfield>
    <subfield code="2">naf</subfield>
  </datafield>
  <datafield tag="372" ind1=" " ind2=" ">
    <subfield code="a">Canada--Armed Forces</subfield>
    <subfield code="a">Great Britain--Armed Forces</subfield>
    <subfield code="a">Air planes--Piloting</subfield>
    <subfield code="a">Air forces</subfield>
    <subfield code="2">lcsh</subfield>
  </datafield>
  <datafield tag="373" ind1=" " ind2=" ">
    <subfield code="a">Great Britain. Royal Flying Corps</subfield>
    <subfield code="2">naf</subfield>
    <subfield code="s">1916-11</subfield>
  </datafield>
  <datafield tag="374" ind1=" " ind2=" ">
    <subfield code="a">Fighter pilots</subfield>
    <subfield code="a">Soldiers</subfield>
    <subfield code="2">lcsh</subfield>
  </datafield>
  <datafield tag="400" ind1="1" ind2=" ">
    <subfield code="a">McKeever, Andrew,</subfield>
    <subfield code="d">1894-1919</subfield>
  </datafield>
  <datafield tag="670" ind1=" " ind2=" ">
    <subfield code="a">Masters of the air, 2019:</subfield>
    <subfield code="b">LAC CIP application (Andrew McKeever) book table of contents (Andrew Edward McKeever) book page 1 (Andrew McKeever)</subfield>
  </datafield>
  <datafield tag="670" ind1=" " ind2=" ">
    <subfield code="a">Wikipedia, viewed on September 5, 2019:</subfield>
    <subfield code="b">Andrew Edward McKeever (born August 21, 1894 in Listowel, Ontario; died December 25, 1919 in Toronto, Ontario; World War I two-seater flying ace; joined the Queen&apos;s Own Rifles of Canada as a private; was accepted into the Royal Flying Corps November, 1916)</subfield>
    <subfield code="u">https://en.wikipedia.org/wiki/Andrew_Edward_McKeever</subfield>
  </datafield>
</record>