
<record>
  <leader>01217cz  a2200241n  4500</leader>
  <controlfield tag="001">11160293</controlfield>
  <controlfield tag="003">DLC</controlfield>
  <controlfield tag="005">20200103073140.0</controlfield>
  <controlfield tag="008">190905n| azannaabn          |a aaa      </controlfield>
  <datafield tag="010" ind1=" " ind2=" ">
    <subfield code="a">no2019130449</subfield>
  </datafield>
  <datafield tag="016" ind1=" " ind2=" ">
    <subfield code="a">1031L3494E</subfield>
  </datafield>
  <datafield tag="035" ind1=" " ind2=" ">
    <subfield code="a">(OCoLC)oca12409790</subfield>
  </datafield>
  <datafield tag="040" ind1=" " ind2=" ">
    <subfield code="a">CaOONL</subfield>
    <subfield code="b">eng</subfield>
    <subfield code="e">rda</subfield>
    <subfield code="c">CaOONL</subfield>
    <subfield code="d">CaOONL</subfield>
  </datafield>
  <datafield tag="042" ind1=" " ind2=" ">
    <subfield code="a">nlc</subfield>
  </datafield>
  <datafield tag="046" ind1=" " ind2=" ">
    <subfield code="f">1899-04-20</subfield>
    <subfield code="g">1918-11-06</subfield>
    <subfield code="2">edtf</subfield>
  </datafield>
  <datafield tag="100" ind1="1" ind2=" ">
    <subfield code="a">McLeod, Alan Arnett,</subfield>
    <subfield code="d">1899-1918</subfield>
  </datafield>
  <datafield tag="370" ind1=" " ind2=" ">
    <subfield code="a">Stonewall (Man.)</subfield>
    <subfield code="b">Winnipeg (Man.)</subfield>
    <subfield code="c">Canada</subfield>
    <subfield code="2">naf</subfield>
  </datafield>
  <datafield tag="372" ind1=" " ind2=" ">
    <subfield code="a">Airplines--piloting</subfield>
    <subfield code="a">Air forces</subfield>
    <subfield code="a">Great Britain--Armed Forces</subfield>
    <subfield code="2">lcsh</subfield>
  </datafield>
  <datafield tag="373" ind1=" " ind2=" ">
    <subfield code="a">Great Britain. Royal Flying Corps</subfield>
    <subfield code="a">Great Britain. Royal Air Force</subfield>
    <subfield code="2">naf</subfield>
  </datafield>
  <datafield tag="374" ind1=" " ind2=" ">
    <subfield code="a">Soldiers</subfield>
    <subfield code="a">Fighter pilots</subfield>
    <subfield code="2">lcsh</subfield>
  </datafield>
  <datafield tag="400" ind1="1" ind2=" ">
    <subfield code="a">McLeod, Alan,</subfield>
    <subfield code="d">1899-1918</subfield>
  </datafield>
  <datafield tag="670" ind1=" " ind2=" ">
    <subfield code="a">Masters of the air, 2019:</subfield>
    <subfield code="b">LAC CIP application (Alan McLeod) book table of contents (Alan Arnett McLeod) book page 1 (Alan McLeod)</subfield>
  </datafield>
  <datafield tag="670" ind1=" " ind2=" ">
    <subfield code="a">Wikipedia, viewed on September 5, 2019:</subfield>
    <subfield code="b">Alan Arnett McLeod (born April 20, 1899; died November 6, 1918 in Winnipeg, Manitoba; Canadian soldier and aviator; served as a pilot in the Royal Flying Corps and the Royal Air Force during the First World War; grew up in Stonewall, Manitoba)</subfield>
    <subfield code="u">https://en.wikipedia.org/wiki/Alan_Arnett_McLeod</subfield>
  </datafield>
</record>