
<record>
  <leader>01256cz  a2200253n  4500</leader>
  <controlfield tag="001">11160525</controlfield>
  <controlfield tag="003">DLC</controlfield>
  <controlfield tag="005">20200103073140.0</controlfield>
  <controlfield tag="008">190905n| azannaabn          |a aaa      </controlfield>
  <datafield tag="010" ind1=" " ind2=" ">
    <subfield code="a">no2019130686</subfield>
  </datafield>
  <datafield tag="016" ind1=" " ind2=" ">
    <subfield code="a">1031H3497E</subfield>
  </datafield>
  <datafield tag="035" ind1=" " ind2=" ">
    <subfield code="a">(OCoLC)oca12412427</subfield>
  </datafield>
  <datafield tag="040" ind1=" " ind2=" ">
    <subfield code="a">CaOONL</subfield>
    <subfield code="b">eng</subfield>
    <subfield code="e">rda</subfield>
    <subfield code="c">CaOONL</subfield>
    <subfield code="d">CaOONL</subfield>
  </datafield>
  <datafield tag="042" ind1=" " ind2=" ">
    <subfield code="a">nlc</subfield>
  </datafield>
  <datafield tag="046" ind1=" " ind2=" ">
    <subfield code="f">1893-05-28</subfield>
    <subfield code="g">1988-07-04</subfield>
    <subfield code="2">edtf</subfield>
  </datafield>
  <datafield tag="100" ind1="1" ind2=" ">
    <subfield code="a">MacLaren, Donald,</subfield>
    <subfield code="d">1893-1988</subfield>
  </datafield>
  <datafield tag="370" ind1=" " ind2=" ">
    <subfield code="a">Ottawa (Ont.)</subfield>
    <subfield code="b">Burnaby (B.C.)</subfield>
    <subfield code="c">Canada</subfield>
    <subfield code="2">naf</subfield>
  </datafield>
  <datafield tag="372" ind1=" " ind2=" ">
    <subfield code="a">Canada--Armed Forces</subfield>
    <subfield code="a">Great Britain--Armed Forces</subfield>
    <subfield code="a">Airplanes--Piloting</subfield>
    <subfield code="2">lcsh</subfield>
  </datafield>
  <datafield tag="373" ind1=" " ind2=" ">
    <subfield code="a">Canada. Royal Canadian Air Force</subfield>
    <subfield code="a">Great Britian. Royal Flying Corps</subfield>
    <subfield code="2">naf</subfield>
  </datafield>
  <datafield tag="374" ind1=" " ind2=" ">
    <subfield code="a">Fighter pilots</subfield>
    <subfield code="2">lcsh</subfield>
  </datafield>
  <datafield tag="378" ind1=" " ind2=" ">
    <subfield code="q">Donald Roderick</subfield>
  </datafield>
  <datafield tag="400" ind1="1" ind2=" ">
    <subfield code="a">MacLaren, Donald Roderick,</subfield>
    <subfield code="d">1893-1988</subfield>
  </datafield>
  <datafield tag="670" ind1=" " ind2=" ">
    <subfield code="a">Masters of the air, 2019:</subfield>
    <subfield code="b">LAC CIP application (Donald MacLaren) book table of contents (Donald Roderick MacLaren) book page 1 (Donald MacLaren)</subfield>
  </datafield>
  <datafield tag="670" ind1=" " ind2=" ">
    <subfield code="a">Wikipedia, viewed on September 5, 2019:</subfield>
    <subfield code="b">Donald MacLaren (Donald Roderick MacLaren; born May 28, 1893 in Ottawa, Ontario; died July 4, 1988 in Burnaby, British Columbia; Canadian World War I flying ace; helped found Royal Canadian Air Force; joined the Royal Flying Corps)</subfield>
    <subfield code="u">https://en.wikipedia.org/wiki/Donald_MacLaren</subfield>
  </datafield>
</record>