
<record>
  <leader>00825cz  a2200229n  4500</leader>
  <controlfield tag="001">11164733</controlfield>
  <controlfield tag="003">DLC</controlfield>
  <controlfield tag="005">20200103073140.0</controlfield>
  <controlfield tag="008">190911n| azannaabn          |b aaa      </controlfield>
  <datafield tag="010" ind1=" " ind2=" ">
    <subfield code="a">n 2019054402</subfield>
  </datafield>
  <datafield tag="035" ind1=" " ind2=" ">
    <subfield code="a">(OCoLC)oca12427322</subfield>
  </datafield>
  <datafield tag="040" ind1=" " ind2=" ">
    <subfield code="a">DLC</subfield>
    <subfield code="b">eng</subfield>
    <subfield code="e">rda</subfield>
    <subfield code="c">DLC</subfield>
    <subfield code="d">InU</subfield>
  </datafield>
  <datafield tag="046" ind1=" " ind2=" ">
    <subfield code="k">2019</subfield>
    <subfield code="2">edtf</subfield>
  </datafield>
  <datafield tag="100" ind1="1" ind2=" ">
    <subfield code="a">Daniėlʹ, I︠U︡liĭ,</subfield>
    <subfield code="d">1925-1988.</subfield>
    <subfield code="t">Works.</subfield>
    <subfield code="k">Selections (2019)</subfield>
  </datafield>
  <datafield tag="336" ind1=" " ind2=" ">
    <subfield code="a">text</subfield>
    <subfield code="b">txt</subfield>
    <subfield code="2">rdacontent</subfield>
  </datafield>
  <datafield tag="377" ind1=" " ind2=" ">
    <subfield code="a">rus</subfield>
  </datafield>
  <datafield tag="381" ind1=" " ind2=" ">
    <subfield code="a">Selections</subfield>
  </datafield>
  <datafield tag="400" ind1="1" ind2=" ">
    <subfield code="a">Даниэль, Юлий,</subfield>
    <subfield code="d">1925-1988.</subfield>
    <subfield code="t">Works.</subfield>
    <subfield code="k">Selections (2019)</subfield>
  </datafield>
  <datafield tag="400" ind1="1" ind2=" ">
    <subfield code="a">Daniėlʹ, I︠U︡liĭ,</subfield>
    <subfield code="d">1925-1988.</subfield>
    <subfield code="t">Proza, stikhi, perevody.</subfield>
    <subfield code="f">2019</subfield>
  </datafield>
  <datafield tag="400" ind1="1" ind2=" ">
    <subfield code="a">Daniėlʹ, I︠U︡liĭ,</subfield>
    <subfield code="d">1925-1988.</subfield>
    <subfield code="t">Проза, стихи, переводы.</subfield>
    <subfield code="f">2019</subfield>
  </datafield>
  <datafield tag="667" ind1=" " ind2=" ">
    <subfield code="a">Non-Latin script references not evaluated.</subfield>
  </datafield>
  <datafield tag="670" ind1=" " ind2=" ">
    <subfield code="a">His Proza, stikhi, perevody, 2019.</subfield>
  </datafield>
</record>