
<record>
  <leader>00418cz  a2200169n  4500</leader>
  <controlfield tag="001">11166311</controlfield>
  <controlfield tag="003">DLC</controlfield>
  <controlfield tag="005">20200103154049.0</controlfield>
  <controlfield tag="008">190912n| azannaabn          |n aaa      </controlfield>
  <datafield tag="010" ind1=" " ind2=" ">
    <subfield code="a">n 2019054884</subfield>
  </datafield>
  <datafield tag="040" ind1=" " ind2=" ">
    <subfield code="a">DLC</subfield>
    <subfield code="b">eng</subfield>
    <subfield code="e">rda</subfield>
    <subfield code="c">DLC</subfield>
    <subfield code="d">DLC</subfield>
  </datafield>
  <datafield tag="100" ind1="1" ind2=" ">
    <subfield code="a">Mirzo, Boqiĭ</subfield>
  </datafield>
  <datafield tag="053" ind1=" " ind2="0">
    <subfield code="a">PL56.9.M59</subfield>
  </datafield>
  <datafield tag="374" ind1=" " ind2=" ">
    <subfield code="a">Authors</subfield>
    <subfield code="2">lcsh</subfield>
  </datafield>
  <datafield tag="375" ind1=" " ind2=" ">
    <subfield code="a">Males</subfield>
    <subfield code="2">lcdgt</subfield>
  </datafield>
  <datafield tag="377" ind1=" " ind2=" ">
    <subfield code="a">uzb</subfield>
  </datafield>
  <datafield tag="670" ind1=" " ind2=" ">
    <subfield code="a">Khazina ėgasi, 2018:</subfield>
    <subfield code="b">title page (Boqiĭ Mirzo)</subfield>
  </datafield>
</record>