
<record>
  <leader>00664cz  a2200193n  4500</leader>
  <controlfield tag="001">11175915</controlfield>
  <controlfield tag="003">DLC</controlfield>
  <controlfield tag="005">20200103073140.0</controlfield>
  <controlfield tag="008">190923n| azannaabn          |a aaa     c</controlfield>
  <datafield tag="010" ind1=" " ind2=" ">
    <subfield code="a">no2019139924</subfield>
  </datafield>
  <datafield tag="035" ind1=" " ind2=" ">
    <subfield code="a">(OCoLC)oca12455085</subfield>
  </datafield>
  <datafield tag="040" ind1=" " ind2=" ">
    <subfield code="a">InNd</subfield>
    <subfield code="b">eng</subfield>
    <subfield code="e">rda</subfield>
    <subfield code="c">InNd</subfield>
    <subfield code="d">CoU</subfield>
  </datafield>
  <datafield tag="046" ind1=" " ind2=" ">
    <subfield code="f">1881</subfield>
    <subfield code="g">1959</subfield>
  </datafield>
  <datafield tag="100" ind1="1" ind2=" ">
    <subfield code="a">Walsh, Edward Augustine,</subfield>
    <subfield code="d">1881-1959</subfield>
  </datafield>
  <datafield tag="374" ind1=" " ind2=" ">
    <subfield code="a">Baseball players</subfield>
    <subfield code="2">lcsh</subfield>
  </datafield>
  <datafield tag="375" ind1=" " ind2=" ">
    <subfield code="a">male</subfield>
  </datafield>
  <datafield tag="400" ind1="0" ind2=" ">
    <subfield code="a">Big Ed Walsh</subfield>
  </datafield>
  <datafield tag="670" ind1=" " ind2=" ">
    <subfield code="a">Philadelphia Game Manufacturing Co. Major League Indoor Baseball Game, circa 1913 :</subfield>
    <subfield code="b">Lid of game box (Walsh)</subfield>
  </datafield>
  <datafield tag="670" ind1=" " ind2=" ">
    <subfield code="a">SABR Biography Project Website, accessed 9/23/2019 :</subfield>
    <subfield code="b">(Big Ed Walsh, 1881-1959, Edward Augustine Walsh)</subfield>
  </datafield>
</record>