
<record>
  <leader>01241cz  a2200217n  4500</leader>
  <controlfield tag="001">11186425</controlfield>
  <controlfield tag="003">DLC</controlfield>
  <controlfield tag="005">20200103073141.0</controlfield>
  <controlfield tag="008">191003n| azannaabn          |a ana     c</controlfield>
  <datafield tag="010" ind1=" " ind2=" ">
    <subfield code="a">no2019145956</subfield>
  </datafield>
  <datafield tag="035" ind1=" " ind2=" ">
    <subfield code="a">(Uk)010643893</subfield>
  </datafield>
  <datafield tag="035" ind1=" " ind2=" ">
    <subfield code="a">(OCoLC)oca12477907</subfield>
  </datafield>
  <datafield tag="040" ind1=" " ind2=" ">
    <subfield code="a">ViBlbV</subfield>
    <subfield code="b">eng</subfield>
    <subfield code="e">rda</subfield>
    <subfield code="c">ViBlbV</subfield>
    <subfield code="d">Uk</subfield>
    <subfield code="d">ViBlbV</subfield>
  </datafield>
  <datafield tag="046" ind1=" " ind2=" ">
    <subfield code="s">2008-08</subfield>
    <subfield code="2">edtf</subfield>
  </datafield>
  <datafield tag="110" ind1="2" ind2=" ">
    <subfield code="a">Virginia Polytechnic Institute and State University.</subfield>
    <subfield code="b">Fralin Life Sciences Institute</subfield>
  </datafield>
  <datafield tag="410" ind1="2" ind2=" ">
    <subfield code="a">Fralin Life Sciences Institute at Virginia Tech</subfield>
  </datafield>
  <datafield tag="410" ind1="2" ind2=" ">
    <subfield code="a">Virginia Polytechnic Institute and State University.</subfield>
    <subfield code="b">Fralin Life Science Institute</subfield>
  </datafield>
  <datafield tag="510" ind1="2" ind2=" ">
    <subfield code="w">r</subfield>
    <subfield code="i">Component of merger:</subfield>
    <subfield code="a">Virginia Polytechnic Institute and State University.</subfield>
    <subfield code="b">Fralin Biotechnology Center</subfield>
  </datafield>
  <datafield tag="670" ind1=" " ind2=" ">
    <subfield code="a">The Fralin explorer, Fall 2015:</subfield>
    <subfield code="b">back cover (Fralin Life Sciences Institute, Virginia Tech)</subfield>
  </datafield>
  <datafield tag="670" ind1=" " ind2=" ">
    <subfield code="a">Fralin Life Sciences Institute WWW page, Sept. 26, 2019</subfield>
    <subfield code="b">(The Fralin Life Sciences Institute at Virginia Tech was formed in August 2008 and represents an administrative merger of the Fralin Biotechnology Center and the Institute for Biomedical and Public Health Sciences)</subfield>
  </datafield>
  <datafield tag="670" ind1=" " ind2=" ">
    <subfield code="a">Fralin Life Science Institute 20th anniversary celebration, 2016</subfield>
    <subfield code="b">cover (Virginia Tech, Fralin Life Science Institute)</subfield>
  </datafield>
</record>