
<record>
  <leader>01139cz  a2200217n  4500</leader>
  <controlfield tag="001">11186697</controlfield>
  <controlfield tag="003">DLC</controlfield>
  <controlfield tag="005">20200103122025.0</controlfield>
  <controlfield tag="008">191003n| azannaabn          |n aaa     c</controlfield>
  <datafield tag="010" ind1=" " ind2=" ">
    <subfield code="a">no2019146258</subfield>
  </datafield>
  <datafield tag="035" ind1=" " ind2=" ">
    <subfield code="a">(Uk)010644165</subfield>
  </datafield>
  <datafield tag="035" ind1=" " ind2=" ">
    <subfield code="a">(OCoLC)oca12478209</subfield>
  </datafield>
  <datafield tag="040" ind1=" " ind2=" ">
    <subfield code="a">IJol</subfield>
    <subfield code="b">eng</subfield>
    <subfield code="e">rda</subfield>
    <subfield code="c">IJol</subfield>
    <subfield code="d">Uk</subfield>
    <subfield code="d">IU</subfield>
    <subfield code="d">DLC</subfield>
  </datafield>
  <datafield tag="053" ind1=" " ind2="0">
    <subfield code="a">PS3616.H4783</subfield>
  </datafield>
  <datafield tag="053" ind1=" " ind2="4">
    <subfield code="a">PS3616.H4784</subfield>
    <subfield code="5">IU</subfield>
  </datafield>
  <datafield tag="100" ind1="1" ind2=" ">
    <subfield code="a">Phillips, Tracey S.</subfield>
  </datafield>
  <datafield tag="370" ind1=" " ind2=" ">
    <subfield code="e">Wisconsin</subfield>
    <subfield code="2">naf</subfield>
  </datafield>
  <datafield tag="374" ind1=" " ind2=" ">
    <subfield code="a">Authors</subfield>
    <subfield code="2">lcsh</subfield>
  </datafield>
  <datafield tag="377" ind1=" " ind2=" ">
    <subfield code="a">eng</subfield>
  </datafield>
  <datafield tag="378" ind1=" " ind2=" ">
    <subfield code="q">Tracey Strohm</subfield>
  </datafield>
  <datafield tag="670" ind1=" " ind2=" ">
    <subfield code="a">Best Kept Secrets, 2019 :</subfield>
    <subfield code="b">title page (Tracey S. Phillips) t.p. verso (©2019 by Tracey Strohm Phillips) (jacket flap (Tracey S. Phillips is a serial artist. Playing music and creating art was a way of life while growing up in Indiana. As the daughter of an artist and the granddaughter of a pianist, she entered college as a fashion model and musician. Somewhere along the road to fame and fortune, she married her best friend and became the mother of two children, now grown. Her manuscript Best Kept Secrets won the Hugh Holton Award from Mystery Writers of America. She lives in Wisconsin with her husband and two dogs.)</subfield>
  </datafield>
</record>