
<record>
  <leader>00959cz  a2200205n  4500</leader>
  <controlfield tag="001">11189139</controlfield>
  <controlfield tag="003">DLC</controlfield>
  <controlfield tag="005">20200103073141.0</controlfield>
  <controlfield tag="008">191007n| azannaabn          |n aaa     c</controlfield>
  <datafield tag="010" ind1=" " ind2=" ">
    <subfield code="a">no2019148008</subfield>
  </datafield>
  <datafield tag="035" ind1=" " ind2=" ">
    <subfield code="a">(OCoLC)oca12488389</subfield>
  </datafield>
  <datafield tag="040" ind1=" " ind2=" ">
    <subfield code="a">IEN</subfield>
    <subfield code="b">eng</subfield>
    <subfield code="e">rda</subfield>
    <subfield code="c">IEN</subfield>
    <subfield code="d">IEN</subfield>
  </datafield>
  <datafield tag="100" ind1="1" ind2=" ">
    <subfield code="a">Hinson, Robert Ebo</subfield>
  </datafield>
  <datafield tag="370" ind1=" " ind2=" ">
    <subfield code="e">Accra (Ghana)</subfield>
    <subfield code="2">naf</subfield>
  </datafield>
  <datafield tag="372" ind1=" " ind2=" ">
    <subfield code="a">Marketing--Study and teaching</subfield>
    <subfield code="2">lcsh</subfield>
  </datafield>
  <datafield tag="374" ind1=" " ind2=" ">
    <subfield code="a">Business teachers</subfield>
    <subfield code="a">College teachers</subfield>
    <subfield code="a">Marketing executives</subfield>
    <subfield code="2">lcsh</subfield>
  </datafield>
  <datafield tag="375" ind1=" " ind2=" ">
    <subfield code="a">Males</subfield>
    <subfield code="2">lcdgt</subfield>
  </datafield>
  <datafield tag="670" ind1=" " ind2=" ">
    <subfield code="a">Strategic marketing of higher education in Africa, 2020:</subfield>
    <subfield code="b">CIP title page (Robert Ebo Hinson)</subfield>
  </datafield>
  <datafield tag="670" ind1=" " ind2=" ">
    <subfield code="a">UGBS faculty profiles, viewed October 7, 2019</subfield>
    <subfield code="b">(Robert Ebo Hinson, professor, head of marketing department, University of Ghana Business School, Accra; started career in advertising; now teaches and researches; he)</subfield>
  </datafield>
  <datafield tag="670" ind1=" " ind2=" ">
    <subfield code="a">Customer service management in Africa, 2020:</subfield>
    <subfield code="b">ECIP title page (Professor Robert E. Hinson) ECIP galley (Robert Ebo Hinson)</subfield>
  </datafield>
</record>