
<record>
  <leader>00841cz  a2200205n  4500</leader>
  <controlfield tag="001">11193296</controlfield>
  <controlfield tag="003">DLC</controlfield>
  <controlfield tag="005">20200103073141.0</controlfield>
  <controlfield tag="008">191010n| azannaabn          |b aaa     c</controlfield>
  <datafield tag="010" ind1=" " ind2=" ">
    <subfield code="a">no2019150781</subfield>
  </datafield>
  <datafield tag="035" ind1=" " ind2=" ">
    <subfield code="a">(OCoLC)oca12499382</subfield>
  </datafield>
  <datafield tag="040" ind1=" " ind2=" ">
    <subfield code="a">CSt-HC</subfield>
    <subfield code="b">eng</subfield>
    <subfield code="e">rda</subfield>
    <subfield code="c">CSt-HC</subfield>
    <subfield code="d">IsJJNL</subfield>
  </datafield>
  <datafield tag="100" ind1="1" ind2=" ">
    <subfield code="a">Hexter, Doniel</subfield>
  </datafield>
  <datafield tag="370" ind1=" " ind2=" ">
    <subfield code="e">Baltimore (Md.)</subfield>
    <subfield code="2">naf</subfield>
  </datafield>
  <datafield tag="372" ind1=" " ind2=" ">
    <subfield code="a">Jewish religious education</subfield>
    <subfield code="2">lcsh</subfield>
  </datafield>
  <datafield tag="374" ind1=" " ind2=" ">
    <subfield code="a">Rabbis</subfield>
    <subfield code="2">lcsh</subfield>
  </datafield>
  <datafield tag="400" ind1="1" ind2=" ">
    <subfield code="a">Hekhṭer, Daniyel Barukh ben Naftali</subfield>
  </datafield>
  <datafield tag="400" ind1="1" ind2=" ">
    <subfield code="a">הכסטר, דניאל ברוך בן נפתלי</subfield>
  </datafield>
  <datafield tag="667" ind1=" " ind2=" ">
    <subfield code="a">Non-Latin script reference not evaluated</subfield>
  </datafield>
  <datafield tag="670" ind1=" " ind2=" ">
    <subfield code="a">Ṿa-yenaḥem Daṿid. Sefer Ṿa-yenaḥem Daṿid, 2019:</subfield>
    <subfield code="b">title page (Daniyel Barukh ben ha-Rav Naftali Hekhsṭer) title page verso (Doniel Hexter [in rom.]; lives in Baltimore, Maryland; ha-melamed ... ha-r. R. Daniyel Hekhṭer, sheliṭa)</subfield>
  </datafield>
</record>