
<record>
  <leader>01385cz  a2200277n  4500</leader>
  <controlfield tag="001">11204910</controlfield>
  <controlfield tag="003">DLC</controlfield>
  <controlfield tag="005">20200103182300.0</controlfield>
  <controlfield tag="008">191024n| azannaabn          |a aaa     c</controlfield>
  <datafield tag="010" ind1=" " ind2=" ">
    <subfield code="a">no2019157702</subfield>
  </datafield>
  <datafield tag="035" ind1=" " ind2=" ">
    <subfield code="a">(OCoLC)oca12529833</subfield>
  </datafield>
  <datafield tag="040" ind1=" " ind2=" ">
    <subfield code="a">TNJ</subfield>
    <subfield code="b">eng</subfield>
    <subfield code="e">rda</subfield>
    <subfield code="c">TNJ</subfield>
    <subfield code="d">DLC</subfield>
  </datafield>
  <datafield tag="100" ind1="1" ind2=" ">
    <subfield code="a">Cabrera Marín, Marcela</subfield>
  </datafield>
  <datafield tag="370" ind1=" " ind2=" ">
    <subfield code="f">Cartagena (Colombia)</subfield>
    <subfield code="2">naf</subfield>
  </datafield>
  <datafield tag="371" ind1=" " ind2=" ">
    <subfield code="m">centrodememoriagetsemani@gmail.com</subfield>
  </datafield>
  <datafield tag="372" ind1=" " ind2=" ">
    <subfield code="a">Costume jewelry</subfield>
    <subfield code="2">lcsh</subfield>
  </datafield>
  <datafield tag="372" ind1=" " ind2=" ">
    <subfield code="a">Tourism and hotel administration</subfield>
  </datafield>
  <datafield tag="373" ind1=" " ind2=" ">
    <subfield code="a">Universidad de Bogotá &quot;Jorge Tadeo Lozano&quot;, Seccional del Caribe</subfield>
    <subfield code="2">naf</subfield>
  </datafield>
  <datafield tag="373" ind1=" " ind2=" ">
    <subfield code="a">Corporación Universitaria Regional del Caribe</subfield>
  </datafield>
  <datafield tag="373" ind1=" " ind2=" ">
    <subfield code="a">Corporación Centro de Memoria Getsemaní</subfield>
    <subfield code="2">naf</subfield>
  </datafield>
  <datafield tag="374" ind1=" " ind2=" ">
    <subfield code="a">Basketball coach</subfield>
    <subfield code="a">Accountant</subfield>
  </datafield>
  <datafield tag="375" ind1=" " ind2=" ">
    <subfield code="a">Females</subfield>
    <subfield code="2">lcdgt</subfield>
  </datafield>
  <datafield tag="377" ind1=" " ind2=" ">
    <subfield code="a">spa</subfield>
  </datafield>
  <datafield tag="378" ind1=" " ind2=" ">
    <subfield code="q">Marcela Farath</subfield>
  </datafield>
  <datafield tag="400" ind1="1" ind2=" ">
    <subfield code="a">Marín, Marcela Cabrera</subfield>
  </datafield>
  <datafield tag="670" ind1=" " ind2=" ">
    <subfield code="a">Cabrera Marín, Marcela. Patrimoniando, 2019:</subfield>
    <subfield code="b">title page (Marcela Cabrera Marín) title page verso (published by the Corporación Centro de Memoria Getsemaní; centrodememoriagetsemani@gmail.com; CIP data: Marcela Farath Cabrera Marín) page 97 (specialist degree in administration of tourist and hotel businesses from the Universidad Jorge Tadeo Lozano; degree in accounting and finance, Corporación Universitaria Regional del Caribe IAFIC; basketball coach; worked at making costume jewelry (2000-2017))</subfield>
  </datafield>
</record>