
<record>
  <leader>00923cz  a2200217n  4500</leader>
  <controlfield tag="001">11207124</controlfield>
  <controlfield tag="003">DLC</controlfield>
  <controlfield tag="005">20200103131915.0</controlfield>
  <controlfield tag="008">191028n| azannaabn          |a aaa      </controlfield>
  <datafield tag="010" ind1=" " ind2=" ">
    <subfield code="a">no2019158758</subfield>
  </datafield>
  <datafield tag="035" ind1=" " ind2=" ">
    <subfield code="a">(OCoLC)oca12533139</subfield>
  </datafield>
  <datafield tag="040" ind1=" " ind2=" ">
    <subfield code="a">SaPrNL</subfield>
    <subfield code="b">eng</subfield>
    <subfield code="e">rda</subfield>
    <subfield code="c">SaPrNL</subfield>
    <subfield code="d">IEN</subfield>
    <subfield code="d">DLC</subfield>
  </datafield>
  <datafield tag="053" ind1=" " ind2="0">
    <subfield code="a">PR9369.M387</subfield>
  </datafield>
  <datafield tag="100" ind1="1" ind2=" ">
    <subfield code="a">Mavengere-Munsaka, Makanaka</subfield>
  </datafield>
  <datafield tag="370" ind1=" " ind2=" ">
    <subfield code="a">Harare (Zimbabwe)</subfield>
    <subfield code="e">Johannesburg (South Africa)</subfield>
    <subfield code="2">naf</subfield>
  </datafield>
  <datafield tag="372" ind1=" " ind2=" ">
    <subfield code="a">Writing</subfield>
    <subfield code="2">lcsh</subfield>
  </datafield>
  <datafield tag="374" ind1=" " ind2=" ">
    <subfield code="a">Authors</subfield>
    <subfield code="a">Fashion designers</subfield>
    <subfield code="2">lcsh</subfield>
  </datafield>
  <datafield tag="375" ind1=" " ind2=" ">
    <subfield code="a">Females</subfield>
    <subfield code="2">lcdgt</subfield>
  </datafield>
  <datafield tag="377" ind1=" " ind2=" ">
    <subfield code="a">eng</subfield>
  </datafield>
  <datafield tag="400" ind1="1" ind2=" ">
    <subfield code="a">Munsaka, Makanaka Mavengere-</subfield>
  </datafield>
  <datafield tag="670" ind1=" " ind2=" ">
    <subfield code="a">Perfect imperfections, 2019:</subfield>
    <subfield code="b">title page (Makanaka Mavengere-Munsaka) page 253 (Makanaka was born and raised in Harare, Zimbabwe and has an accounting degree. She is a full-time creative residing in Johannesburg doing content creation, scriptwriting and copy writing. Makanaka also makes women&apos;s clothing under her label Maka Naka)</subfield>
  </datafield>
</record>