
<record>
  <leader>00872cz  a2200229n  4500</leader>
  <controlfield tag="001">11214972</controlfield>
  <controlfield tag="003">DLC</controlfield>
  <controlfield tag="005">20200103115932.0</controlfield>
  <controlfield tag="008">191106n| azannaabn          |b aaa      </controlfield>
  <datafield tag="010" ind1=" " ind2=" ">
    <subfield code="a">n 2019066560</subfield>
  </datafield>
  <datafield tag="040" ind1=" " ind2=" ">
    <subfield code="a">DLC</subfield>
    <subfield code="b">eng</subfield>
    <subfield code="e">rda</subfield>
    <subfield code="c">DLC</subfield>
    <subfield code="d">DLC</subfield>
  </datafield>
  <datafield tag="100" ind1="1" ind2=" ">
    <subfield code="a">Logunov, Valentin</subfield>
  </datafield>
  <datafield tag="372" ind1=" " ind2=" ">
    <subfield code="a">Journalism</subfield>
    <subfield code="2">lcsh</subfield>
  </datafield>
  <datafield tag="373" ind1=" " ind2=" ">
    <subfield code="a">Rossiĭskai︠a︡ gazeta</subfield>
  </datafield>
  <datafield tag="374" ind1=" " ind2=" ">
    <subfield code="a">Journalists</subfield>
    <subfield code="2">lcsh</subfield>
  </datafield>
  <datafield tag="375" ind1=" " ind2=" ">
    <subfield code="a">male</subfield>
  </datafield>
  <datafield tag="377" ind1=" " ind2=" ">
    <subfield code="a">rus</subfield>
  </datafield>
  <datafield tag="378" ind1=" " ind2=" ">
    <subfield code="q">Valentin Andreevich</subfield>
  </datafield>
  <datafield tag="400" ind1="1" ind2=" ">
    <subfield code="a">Логунов, Валентин</subfield>
  </datafield>
  <datafield tag="400" ind1="1" ind2=" ">
    <subfield code="a">Logunov, V. A.</subfield>
    <subfield code="q">(Valentin Andreevich)</subfield>
  </datafield>
  <datafield tag="400" ind1="1" ind2=" ">
    <subfield code="a">Логунов, В. А.</subfield>
    <subfield code="q">(Валентин Андреевич)</subfield>
  </datafield>
  <datafield tag="670" ind1=" " ind2=" ">
    <subfield code="a">Besy v krasnoĭ gostinoĭ, 2019:</subfield>
    <subfield code="b">t.p. (Валентин Логунов = Valentin Logunov) Russian CIP (Логунов В.А. = Logunov V.A.) back cover (Валентин Андреевич Логунов = Valentin Andreevich Logunov)</subfield>
  </datafield>
</record>