
<record>
  <leader>01187cz  a2200241n  4500</leader>
  <controlfield tag="001">11224470</controlfield>
  <controlfield tag="003">DLC</controlfield>
  <controlfield tag="005">20200103073142.0</controlfield>
  <controlfield tag="008">191118n| azaaaaaan          |a ana     c</controlfield>
  <datafield tag="010" ind1=" " ind2=" ">
    <subfield code="a">no2019171332</subfield>
  </datafield>
  <datafield tag="035" ind1=" " ind2=" ">
    <subfield code="a">(OCoLC)oca12569873</subfield>
  </datafield>
  <datafield tag="040" ind1=" " ind2=" ">
    <subfield code="a">CSt</subfield>
    <subfield code="b">eng</subfield>
    <subfield code="e">rda</subfield>
    <subfield code="c">CSt</subfield>
    <subfield code="d">CoU</subfield>
  </datafield>
  <datafield tag="130" ind1=" " ind2="0">
    <subfield code="a">Miscellaneous series, report (United States. Department of Agriculture. Division of Statistics)</subfield>
  </datafield>
  <datafield tag="380" ind1=" " ind2=" ">
    <subfield code="a">Monographic series</subfield>
    <subfield code="a">Series (Publications)</subfield>
    <subfield code="2">lcsh</subfield>
  </datafield>
  <datafield tag="410" ind1="1" ind2=" ">
    <subfield code="a">United States.</subfield>
    <subfield code="b">Department of Agriculture.</subfield>
    <subfield code="b">Division of Statistics.</subfield>
    <subfield code="t">Miscellaneous series, report</subfield>
  </datafield>
  <datafield tag="530" ind1=" " ind2="0">
    <subfield code="w">r</subfield>
    <subfield code="i">Continued by (work):</subfield>
    <subfield code="a">Miscellaneous series, bulletin (United States. Department of Agriculture. Division of Statistics)</subfield>
  </datafield>
  <datafield tag="642" ind1=" " ind2=" ">
    <subfield code="a">no. 7</subfield>
    <subfield code="5">DPCC</subfield>
  </datafield>
  <datafield tag="643" ind1=" " ind2=" ">
    <subfield code="a">Washington</subfield>
    <subfield code="b">Government Printing Office</subfield>
  </datafield>
  <datafield tag="644" ind1=" " ind2=" ">
    <subfield code="a">f</subfield>
    <subfield code="5">CSt</subfield>
  </datafield>
  <datafield tag="645" ind1=" " ind2=" ">
    <subfield code="a">t</subfield>
    <subfield code="5">DPCC</subfield>
    <subfield code="5">CSt</subfield>
  </datafield>
  <datafield tag="646" ind1=" " ind2=" ">
    <subfield code="a">s</subfield>
    <subfield code="5">CSt</subfield>
  </datafield>
  <datafield tag="670" ind1=" " ind2=" ">
    <subfield code="a">An agricultural survey of Wyoming, 1893:</subfield>
    <subfield code="b">title page (Miscellaneous series, report / U.S. Department of Agriculture, Division of Statistics ; no. 7)</subfield>
  </datafield>
  <datafield tag="670" ind1=" " ind2=" ">
    <subfield code="a">Production and price of cotton for one hundred years, 1895:</subfield>
    <subfield code="b">title page (Miscellaneous series, bulletin / U.S. Department of Agriculture, Division of Statistics ; no. 9)</subfield>
  </datafield>
</record>