
<record>
  <leader>00384cz  a2200145n  4500</leader>
  <controlfield tag="001">11225801</controlfield>
  <controlfield tag="003">DLC</controlfield>
  <controlfield tag="005">20200103073142.0</controlfield>
  <controlfield tag="008">191119n| azannaabn          |n aaa     c</controlfield>
  <datafield tag="010" ind1=" " ind2=" ">
    <subfield code="a">no2019172196</subfield>
  </datafield>
  <datafield tag="035" ind1=" " ind2=" ">
    <subfield code="a">(OCoLC)oca12573867</subfield>
  </datafield>
  <datafield tag="040" ind1=" " ind2=" ">
    <subfield code="a">NmU</subfield>
    <subfield code="b">eng</subfield>
    <subfield code="e">rda</subfield>
    <subfield code="c">NmU</subfield>
    <subfield code="d">UPB</subfield>
  </datafield>
  <datafield tag="100" ind1="1" ind2=" ">
    <subfield code="a">Solla, Walter</subfield>
  </datafield>
  <datafield tag="377" ind1=" " ind2=" ">
    <subfield code="a">por</subfield>
  </datafield>
  <datafield tag="670" ind1=" " ind2=" ">
    <subfield code="a">Se liga nessa história do Brasil, 2019:</subfield>
    <subfield code="b">title page (Walter Solla)</subfield>
  </datafield>
</record>