
<record>
  <leader>01046cz  a2200205n  4500</leader>
  <controlfield tag="001">11227365</controlfield>
  <controlfield tag="003">DLC</controlfield>
  <controlfield tag="005">20200103073142.0</controlfield>
  <controlfield tag="008">191120n| azannaabn          |n aaa     c</controlfield>
  <datafield tag="010" ind1=" " ind2=" ">
    <subfield code="a">no2019173007</subfield>
  </datafield>
  <datafield tag="035" ind1=" " ind2=" ">
    <subfield code="a">(OCoLC)oca12581098</subfield>
  </datafield>
  <datafield tag="040" ind1=" " ind2=" ">
    <subfield code="a">NjP</subfield>
    <subfield code="b">eng</subfield>
    <subfield code="e">rda</subfield>
    <subfield code="c">NjP</subfield>
    <subfield code="d">WMM</subfield>
  </datafield>
  <datafield tag="100" ind1="1" ind2=" ">
    <subfield code="a">Khandizaji, Amirhosein</subfield>
  </datafield>
  <datafield tag="372" ind1=" " ind2=" ">
    <subfield code="a">Sociology</subfield>
    <subfield code="2">lcsh</subfield>
  </datafield>
  <datafield tag="373" ind1=" " ind2=" ">
    <subfield code="a">Freie Universität Berlin</subfield>
    <subfield code="2">naf</subfield>
  </datafield>
  <datafield tag="375" ind1=" " ind2=" ">
    <subfield code="a">Males</subfield>
    <subfield code="2">lcdgt</subfield>
  </datafield>
  <datafield tag="377" ind1=" " ind2=" ">
    <subfield code="a">eng</subfield>
    <subfield code="a">per</subfield>
  </datafield>
  <datafield tag="670" ind1=" " ind2=" ">
    <subfield code="a">Reading Adorno, 2019:</subfield>
    <subfield code="b">title page (Amirhosein Khandizaji, editor) page xi (holds a Ph.D. in sociology, Free University of Berlin, Germany, and is the founding editor of the Berlin Journal of Critical Theory)</subfield>
  </datafield>
  <datafield tag="670" ind1=" " ind2=" ">
    <subfield code="a">Berlin Journal of Critical Theory website, viewed November 18, 2019</subfield>
    <subfield code="b">(Amirhosein Khandizaji; his main field of study is the critical theoy of the Frankfurt School)</subfield>
    <subfield code="u">http://www.bjct.de/home.html</subfield>
  </datafield>
  <datafield tag="670" ind1=" " ind2=" ">
    <subfield code="a">Academia website, viewed November 18, 2019</subfield>
    <subfield code="b">(Amirhosein Khandizaji; list of publications includes articles in Persian)</subfield>
    <subfield code="u">https://independent.academia.edu/AmirhoseinKhandizaji</subfield>
  </datafield>
</record>