
<record>
  <leader>00714cz  a2200193n  4500</leader>
  <controlfield tag="001">11229791</controlfield>
  <controlfield tag="003">DLC</controlfield>
  <controlfield tag="005">20200103025731.0</controlfield>
  <controlfield tag="008">191122n| azannaabn          |a aaa     c</controlfield>
  <datafield tag="010" ind1=" " ind2=" ">
    <subfield code="a">no2019174499</subfield>
  </datafield>
  <datafield tag="035" ind1=" " ind2=" ">
    <subfield code="a">(OCoLC)oca12584820</subfield>
  </datafield>
  <datafield tag="040" ind1=" " ind2=" ">
    <subfield code="a">NIC</subfield>
    <subfield code="b">eng</subfield>
    <subfield code="e">rda</subfield>
    <subfield code="c">NIC</subfield>
    <subfield code="d">DLC</subfield>
  </datafield>
  <datafield tag="046" ind1=" " ind2=" ">
    <subfield code="f">1958-04-09</subfield>
    <subfield code="2">edtf</subfield>
  </datafield>
  <datafield tag="100" ind1="0" ind2=" ">
    <subfield code="a">Phongsawat Chayathawat,</subfield>
    <subfield code="d">1958-</subfield>
  </datafield>
  <datafield tag="370" ind1=" " ind2=" ">
    <subfield code="a">Nakhon Pathom (Thailand : Province)</subfield>
    <subfield code="c">Thailand</subfield>
    <subfield code="2">naf</subfield>
  </datafield>
  <datafield tag="375" ind1=" " ind2=" ">
    <subfield code="a">Males</subfield>
    <subfield code="2">lcdgt</subfield>
  </datafield>
  <datafield tag="377" ind1=" " ind2=" ">
    <subfield code="a">tha</subfield>
  </datafield>
  <datafield tag="400" ind1="1" ind2=" ">
    <subfield code="a">Chayathawat, Phongsawat,</subfield>
    <subfield code="d">1958-</subfield>
  </datafield>
  <datafield tag="670" ind1=" " ind2=" ">
    <subfield code="a">Čhāo Prayā Kōsāthipbō̜dī (Pān) læ Čhāo Prayā Kōsāthipbō̜dī (Lek), 2019:</subfield>
    <subfield code="b">title page (Phongsawat Chayathawat) page 128 (born Wednesday April 9th, 1958 in Nakhō̜n Pathom)</subfield>
  </datafield>
</record>