
<record>
  <leader>01107cz  a2200217n  4500</leader>
  <controlfield tag="001">11230848</controlfield>
  <controlfield tag="003">DLC</controlfield>
  <controlfield tag="005">20200103051008.0</controlfield>
  <controlfield tag="008">191125n| azannaabn          |a ana      </controlfield>
  <datafield tag="010" ind1=" " ind2=" ">
    <subfield code="a">nb2019022479</subfield>
  </datafield>
  <datafield tag="035" ind1=" " ind2=" ">
    <subfield code="a">(Uk)010685890</subfield>
  </datafield>
  <datafield tag="040" ind1=" " ind2=" ">
    <subfield code="a">Uk</subfield>
    <subfield code="b">eng</subfield>
    <subfield code="e">rda</subfield>
    <subfield code="c">Uk</subfield>
    <subfield code="d">Uk</subfield>
  </datafield>
  <datafield tag="046" ind1=" " ind2=" ">
    <subfield code="s">2019-10-13</subfield>
    <subfield code="t">2019-10-13</subfield>
    <subfield code="2">edtf</subfield>
  </datafield>
  <datafield tag="111" ind1="2" ind2=" ">
    <subfield code="a">CNI (Workshop)</subfield>
    <subfield code="n">(3rd :</subfield>
    <subfield code="d">2019 :</subfield>
    <subfield code="c">Shenzhen Shi, China)</subfield>
  </datafield>
  <datafield tag="368" ind1=" " ind2=" ">
    <subfield code="a">Congresses and conventions</subfield>
    <subfield code="2">lcsh</subfield>
  </datafield>
  <datafield tag="370" ind1=" " ind2=" ">
    <subfield code="c">China</subfield>
    <subfield code="e">Shenzhen Shi (China)</subfield>
    <subfield code="2">naf</subfield>
  </datafield>
  <datafield tag="372" ind1=" " ind2=" ">
    <subfield code="a">Brain</subfield>
    <subfield code="2">lcsh</subfield>
  </datafield>
  <datafield tag="377" ind1=" " ind2=" ">
    <subfield code="a">eng</subfield>
  </datafield>
  <datafield tag="411" ind1="2" ind2=" ">
    <subfield code="a">International Workshop on Connectomics in NeuroImaging</subfield>
    <subfield code="n">(3rd :</subfield>
    <subfield code="d">2019 :</subfield>
    <subfield code="c">Shenzhen Shi, China)</subfield>
  </datafield>
  <datafield tag="411" ind1="2" ind2=" ">
    <subfield code="a">Connectomics in NeuroImaging, International Workshop on</subfield>
    <subfield code="n">(3rd :</subfield>
    <subfield code="d">2019 :</subfield>
    <subfield code="c">Shenzhen Shi, China)</subfield>
  </datafield>
  <datafield tag="670" ind1=" " ind2=" ">
    <subfield code="a">Connectomics in neuroimaging, [2019]:</subfield>
    <subfield code="b">t.p. (Third International Workshop, CNI 2019, held in conjunction with MICCAI 2019, Shenzen, China, October 13, 2019, Proceedings) Preface (Third International Workshop on Connectomics in NeuroImaaging held in conjunction with the 22nd International Conference on Medical Image Computing and Computer Assisted Intervention, MICCAI)</subfield>
  </datafield>
</record>