
<record>
  <leader>00717cz  a2200217n  4500</leader>
  <controlfield tag="001">11234116</controlfield>
  <controlfield tag="003">DLC</controlfield>
  <controlfield tag="005">20200103141747.0</controlfield>
  <controlfield tag="008">191128n| azannaabn          |n aaa      </controlfield>
  <datafield tag="010" ind1=" " ind2=" ">
    <subfield code="a">nb2019022791</subfield>
  </datafield>
  <datafield tag="035" ind1=" " ind2=" ">
    <subfield code="a">(Uk)010687639</subfield>
  </datafield>
  <datafield tag="040" ind1=" " ind2=" ">
    <subfield code="a">Uk</subfield>
    <subfield code="b">eng</subfield>
    <subfield code="e">rda</subfield>
    <subfield code="c">Uk</subfield>
    <subfield code="d">DLC</subfield>
  </datafield>
  <datafield tag="046" ind1=" " ind2=" ">
    <subfield code="f">1985</subfield>
    <subfield code="2">edtf</subfield>
  </datafield>
  <datafield tag="100" ind1="1" ind2=" ">
    <subfield code="a">Vass, Norbert,</subfield>
    <subfield code="d">1985-</subfield>
  </datafield>
  <datafield tag="370" ind1=" " ind2=" ">
    <subfield code="c">Hungary</subfield>
    <subfield code="2">naf</subfield>
  </datafield>
  <datafield tag="375" ind1=" " ind2=" ">
    <subfield code="a">male</subfield>
  </datafield>
  <datafield tag="377" ind1=" " ind2=" ">
    <subfield code="a">hun</subfield>
  </datafield>
  <datafield tag="670" ind1=" " ind2=" ">
    <subfield code="a">300 museums and exhibition spaces in Hungary, 2014:</subfield>
    <subfield code="b">title page (Norbert Vass)</subfield>
  </datafield>
  <datafield tag="670" ind1=" " ind2=" ">
    <subfield code="a">Hungarian National Library catalogue, viewed 28 November 2019:</subfield>
    <subfield code="b">(access point: Vass, Norbert, 1985-)</subfield>
  </datafield>
  <datafield tag="670" ind1=" " ind2=" ">
    <subfield code="a">Indiáncseresznye, 2019:</subfield>
    <subfield code="b">t.p. (Vass Norbert) cover, p. 3 (b. 1985, Kaposvár [Hungary])</subfield>
  </datafield>
  <datafield tag="953" ind1=" " ind2=" ">
    <subfield code="b">fc15</subfield>
  </datafield>
</record>