
<record>
  <leader>00601cz  a2200157n  4500</leader>
  <controlfield tag="001">11234516</controlfield>
  <controlfield tag="003">DLC</controlfield>
  <controlfield tag="005">20200103110020.0</controlfield>
  <controlfield tag="008">191129n| azannaabn          |a aaa      </controlfield>
  <datafield tag="010" ind1=" " ind2=" ">
    <subfield code="a">n 2019252184</subfield>
  </datafield>
  <datafield tag="040" ind1=" " ind2=" ">
    <subfield code="a">DLC</subfield>
    <subfield code="b">eng</subfield>
    <subfield code="c">DLC</subfield>
    <subfield code="e">rda</subfield>
  </datafield>
  <datafield tag="100" ind1="1" ind2=" ">
    <subfield code="a">Labronici, Rômulo</subfield>
  </datafield>
  <datafield tag="373" ind1=" " ind2=" ">
    <subfield code="a">Universidade Federal Fluminense</subfield>
    <subfield code="2">naf</subfield>
  </datafield>
  <datafield tag="377" ind1=" " ind2=" ">
    <subfield code="a">por</subfield>
  </datafield>
  <datafield tag="400" ind1="1" ind2=" ">
    <subfield code="a">Bulgarelli Labronici, Rômulo</subfield>
  </datafield>
  <datafield tag="670" ind1=" " ind2=" ">
    <subfield code="a">Na pata do cavalo, 2017:</subfield>
    <subfield code="b">title page (Rômulo Labronici) back flap (Rômulo Bulgarelli Labronici; graduated in social sciences, UFF; master&apos;s and doctoral degrees, anthropology, PPGA/UFF; researcher, INCT/InEAC (UFF))</subfield>
  </datafield>
</record>