
<record>
  <leader>01151cz  a2200169n  4500</leader>
  <controlfield tag="001">11239019</controlfield>
  <controlfield tag="003">DLC</controlfield>
  <controlfield tag="005">20200103044010.0</controlfield>
  <controlfield tag="008">191206n| azannaabn          |a ana      </controlfield>
  <datafield tag="010" ind1=" " ind2=" ">
    <subfield code="a">n 2019244996</subfield>
  </datafield>
  <datafield tag="040" ind1=" " ind2=" ">
    <subfield code="a">DLC</subfield>
    <subfield code="b">eng</subfield>
    <subfield code="e">rda</subfield>
    <subfield code="c">DLC</subfield>
    <subfield code="d">DLC</subfield>
  </datafield>
  <datafield tag="110" ind1="2" ind2=" ">
    <subfield code="a">Bangladesh Accreditation Board</subfield>
  </datafield>
  <datafield tag="370" ind1=" " ind2=" ">
    <subfield code="c">Bangladesh</subfield>
    <subfield code="2">naf</subfield>
  </datafield>
  <datafield tag="377" ind1=" " ind2=" ">
    <subfield code="a">eng</subfield>
  </datafield>
  <datafield tag="410" ind1="2" ind2=" ">
    <subfield code="a">BAB</subfield>
  </datafield>
  <datafield tag="670" ind1=" " ind2=" ">
    <subfield code="a">Accreditation and related essays, 2017:</subfield>
    <subfield code="b">title page (Bangladesh Accreditation Board) page 4 of cover (Bangladesh Accreditation Board (BAB) is the national accreditation authority established under the Bangladesh Accreditation Act, 2006 to upgrade the National Quality Infrastructure and Conformity Assessment System in Bangladesh)</subfield>
  </datafield>
  <datafield tag="670" ind1=" " ind2=" ">
    <subfield code="a">Wikipedia WWW site viewed on December 06, 2019</subfield>
    <subfield code="b">(Bangladesh Accreditation Board is an autonomous government agency responsible for providing accreditations to laboratories, testing centres, and certification bodies Bangladesh and is located in Dhaka, Bangladesh. Bangladesh Accreditation Board was established on 6 September 2006 by the government of Bangladesh through an act of parliament)</subfield>
    <subfield code="u">(https://en.wikipedia.org/wiki/Bangladesh_Accreditation_Board</subfield>
  </datafield>
</record>