
<record>
  <leader>00812cz  a2200157n  4500</leader>
  <controlfield tag="001">11245132</controlfield>
  <controlfield tag="003">DLC</controlfield>
  <controlfield tag="005">20200103065342.0</controlfield>
  <controlfield tag="008">191212n| azannaabn          |n aaa      </controlfield>
  <datafield tag="010" ind1=" " ind2=" ">
    <subfield code="a">n 2019071969</subfield>
  </datafield>
  <datafield tag="040" ind1=" " ind2=" ">
    <subfield code="a">DLC</subfield>
    <subfield code="b">eng</subfield>
    <subfield code="e">rda</subfield>
    <subfield code="c">DLC</subfield>
    <subfield code="d">DLC</subfield>
  </datafield>
  <datafield tag="046" ind1=" " ind2=" ">
    <subfield code="f">1944-08-14</subfield>
    <subfield code="2">edtf</subfield>
  </datafield>
  <datafield tag="100" ind1="1" ind2=" ">
    <subfield code="a">Rogers, James,</subfield>
    <subfield code="d">1944-</subfield>
  </datafield>
  <datafield tag="670" ind1=" " ind2=" ">
    <subfield code="a">Rogers, Kristina. Seeing without words, 2017:</subfield>
    <subfield code="b">title page (edited by James Rogers; work dedicated to Jim and Christopher, and to Charlotte art community)</subfield>
  </datafield>
  <datafield tag="670" ind1=" " ind2=" ">
    <subfield code="a">LC data base, viewed Jan. 3, 2020</subfield>
    <subfield code="b">(hdg on do not acquire record: Rogers, James Cook, 1944-; work written along with photography by Kristina Rogers)</subfield>
  </datafield>
  <datafield tag="670" ind1=" " ind2=" ">
    <subfield code="a">MyLife, viewed Jan. 3, 2020</subfield>
    <subfield code="b">(James Rogbers, 75; Waxhaw, NC, Union County, Charlotte area; also known as James C. Rogers, James Cook Rogers, James Cooke Rogers; b. 08/14/1944)</subfield>
  </datafield>
</record>