
<record>
  <leader>01452cz  a2200253n  4500</leader>
  <controlfield tag="001">11245978</controlfield>
  <controlfield tag="003">DLC</controlfield>
  <controlfield tag="005">20200103073142.0</controlfield>
  <controlfield tag="008">191212n| azannaabn          |a aaa     c</controlfield>
  <datafield tag="010" ind1=" " ind2=" ">
    <subfield code="a">no2019184351</subfield>
  </datafield>
  <datafield tag="035" ind1=" " ind2=" ">
    <subfield code="a">(OCoLC)oca12632482</subfield>
  </datafield>
  <datafield tag="040" ind1=" " ind2=" ">
    <subfield code="a">MoSW-Mu</subfield>
    <subfield code="b">eng</subfield>
    <subfield code="e">rda</subfield>
    <subfield code="c">MoSW-Mu</subfield>
    <subfield code="d">DLC</subfield>
    <subfield code="d">MoSW-Mu</subfield>
  </datafield>
  <datafield tag="046" ind1=" " ind2=" ">
    <subfield code="f">1866-03-31</subfield>
    <subfield code="g">1937-11-09</subfield>
    <subfield code="2">edtf</subfield>
  </datafield>
  <datafield tag="100" ind1="1" ind2=" ">
    <subfield code="a">Williamson, H. G.</subfield>
    <subfield code="q">(Harry Grant),</subfield>
    <subfield code="d">1866-1937</subfield>
  </datafield>
  <datafield tag="370" ind1=" " ind2=" ">
    <subfield code="a">Indiana</subfield>
    <subfield code="b">Edgewater (N.J.)</subfield>
    <subfield code="e">Netherlands</subfield>
    <subfield code="e">Edgewater (N.J.)</subfield>
    <subfield code="2">naf</subfield>
  </datafield>
  <datafield tag="372" ind1=" " ind2=" ">
    <subfield code="a">Landscape painting</subfield>
    <subfield code="a">Magazine illustration</subfield>
    <subfield code="a">Illustration of books</subfield>
    <subfield code="2">lcsh</subfield>
  </datafield>
  <datafield tag="373" ind1=" " ind2=" ">
    <subfield code="a">Salmagundi Club</subfield>
    <subfield code="a">Society of Illustrators (New York, N.Y.)</subfield>
    <subfield code="2">naf</subfield>
  </datafield>
  <datafield tag="374" ind1=" " ind2=" ">
    <subfield code="a">Landscape painters</subfield>
    <subfield code="a">Illustrators</subfield>
    <subfield code="2">lcsh</subfield>
  </datafield>
  <datafield tag="378" ind1=" " ind2=" ">
    <subfield code="q">Harry Grant</subfield>
  </datafield>
  <datafield tag="400" ind1="1" ind2=" ">
    <subfield code="a">Williamson, Harry Grant,</subfield>
    <subfield code="d">1866-1937</subfield>
  </datafield>
  <datafield tag="667" ind1=" " ind2=" ">
    <subfield code="a">Formerly on undifferentiated record: no2010087265</subfield>
  </datafield>
  <datafield tag="670" ind1=" " ind2=" ">
    <subfield code="a">A holiday touch, 1908:</subfield>
    <subfield code="b">t.p. (H.G. Williamson)</subfield>
  </datafield>
  <datafield tag="670" ind1=" " ind2=" ">
    <subfield code="a">Harper&apos;s monthly magazine, June 1910:</subfield>
    <subfield code="b">page 135 (H.G. Williamson; responsibility statement for illustration)</subfield>
  </datafield>
  <datafield tag="670" ind1=" " ind2=" ">
    <subfield code="a">AskART WWW site, Dec. 12, 2019</subfield>
    <subfield code="b">(Harry Grant Williamson; born March 31, 1866, Indiana; died November 9, 1937, Edgewater, New Jersey, where he resided; studied art in the Netherlands; did many book and magazine illustrations and covers, as well as landscape paintings; member of the Salmagundi Club of New York and the Society of Illustrators)</subfield>
    <subfield code="u">https://www.askart.com/artist/Harry_Grant_Williamson/69225/Harry_Grant_Williamson.aspx</subfield>
  </datafield>
</record>