
<record>
  <leader>00520cz  a2200157n  4500</leader>
  <controlfield tag="001">11248225</controlfield>
  <controlfield tag="003">DLC</controlfield>
  <controlfield tag="005">20200103073142.0</controlfield>
  <controlfield tag="008">191216n| azannaabn          |n aaa     c</controlfield>
  <datafield tag="010" ind1=" " ind2=" ">
    <subfield code="a">no2019185973</subfield>
  </datafield>
  <datafield tag="035" ind1=" " ind2=" ">
    <subfield code="a">(OCoLC)oca12639474</subfield>
  </datafield>
  <datafield tag="040" ind1=" " ind2=" ">
    <subfield code="a">ICrlF</subfield>
    <subfield code="b">eng</subfield>
    <subfield code="e">rda</subfield>
    <subfield code="c">ICrlF</subfield>
    <subfield code="d">ICrlF</subfield>
  </datafield>
  <datafield tag="100" ind1="1" ind2=" ">
    <subfield code="a">Patrick, Denise Lewis.</subfield>
    <subfield code="t">Never stop singing (2019)</subfield>
  </datafield>
  <datafield tag="380" ind1=" " ind2=" ">
    <subfield code="a">Historical fiction</subfield>
    <subfield code="2">lcgft</subfield>
  </datafield>
  <datafield tag="667" ind1=" " ind2=" ">
    <subfield code="a">127 page adaptation of the 222 page novel.</subfield>
  </datafield>
  <datafield tag="670" ind1=" " ind2=" ">
    <subfield code="a">Patrick, Denise Lewis. Never stop singing, ©2019:</subfield>
    <subfield code="b">back cover (abridged edition)</subfield>
  </datafield>
</record>