
<record>
  <leader>00792cz  a2200193n  4500</leader>
  <controlfield tag="001">11249714</controlfield>
  <controlfield tag="003">DLC</controlfield>
  <controlfield tag="005">20200103073142.0</controlfield>
  <controlfield tag="008">191217n| azannaabn          |a aaa     c</controlfield>
  <datafield tag="010" ind1=" " ind2=" ">
    <subfield code="a">no2019187164</subfield>
  </datafield>
  <datafield tag="035" ind1=" " ind2=" ">
    <subfield code="a">(OCoLC)oca12642685</subfield>
  </datafield>
  <datafield tag="040" ind1=" " ind2=" ">
    <subfield code="a">CU</subfield>
    <subfield code="b">eng</subfield>
    <subfield code="e">rda</subfield>
    <subfield code="c">CU</subfield>
    <subfield code="d">CU</subfield>
  </datafield>
  <datafield tag="046" ind1=" " ind2=" ">
    <subfield code="f">1809-11-09</subfield>
    <subfield code="g">1885-09-14</subfield>
    <subfield code="2">edtf</subfield>
  </datafield>
  <datafield tag="100" ind1="1" ind2=" ">
    <subfield code="a">Gómez de la Torre, Teodoro,</subfield>
    <subfield code="d">1809-1885.</subfield>
  </datafield>
  <datafield tag="370" ind1=" " ind2=" ">
    <subfield code="c">Ecuador</subfield>
  </datafield>
  <datafield tag="400" ind1="1" ind2=" ">
    <subfield code="a">De la Torre, Teodoro Gómez,</subfield>
    <subfield code="d">1809-1885.</subfield>
  </datafield>
  <datafield tag="400" ind1="1" ind2=" ">
    <subfield code="a">La Torre, Teodoro Gómez de,</subfield>
    <subfield code="d">1809-1885.</subfield>
  </datafield>
  <datafield tag="400" ind1="1" ind2=" ">
    <subfield code="a">Torre, Teodoro Gómez de la,</subfield>
    <subfield code="d">1809-1885.</subfield>
  </datafield>
  <datafield tag="670" ind1=" " ind2=" ">
    <subfield code="a">Teodoro Gómez de la Torre, 2019:</subfield>
    <subfield code="b">t.p. (Teodoro Gómez de la Torre) p. 12, etc. (born in Ibarra (Ecuador) Nov. 9, 1809; soldier and colonel; served as a functionary and diplomat for Ecuadorian government; died Sept. 14, 1885)</subfield>
  </datafield>
</record>