
<record>
  <leader>01182cz  a2200229n  4500</leader>
  <controlfield tag="001">11250514</controlfield>
  <controlfield tag="003">DLC</controlfield>
  <controlfield tag="005">20200103073142.0</controlfield>
  <controlfield tag="008">191218n| azannaabn          |a aaa     c</controlfield>
  <datafield tag="010" ind1=" " ind2=" ">
    <subfield code="a">no2019187309</subfield>
  </datafield>
  <datafield tag="035" ind1=" " ind2=" ">
    <subfield code="a">(OCoLC)oca12642830</subfield>
  </datafield>
  <datafield tag="040" ind1=" " ind2=" ">
    <subfield code="a">CU-I</subfield>
    <subfield code="b">eng</subfield>
    <subfield code="e">rda</subfield>
    <subfield code="c">CU-I</subfield>
    <subfield code="d">CU-I</subfield>
  </datafield>
  <datafield tag="100" ind1="1" ind2=" ">
    <subfield code="a">Le, Leon</subfield>
  </datafield>
  <datafield tag="370" ind1=" " ind2=" ">
    <subfield code="a">Saigon</subfield>
    <subfield code="c">Vietnam</subfield>
    <subfield code="e">New York (N.Y.)</subfield>
    <subfield code="2">naf</subfield>
  </datafield>
  <datafield tag="374" ind1=" " ind2=" ">
    <subfield code="a">Writers</subfield>
    <subfield code="a">Directors</subfield>
    <subfield code="a">Actors</subfield>
    <subfield code="a">Authors</subfield>
    <subfield code="2">lcsh</subfield>
  </datafield>
  <datafield tag="375" ind1=" " ind2=" ">
    <subfield code="a">males</subfield>
    <subfield code="2">lcdgt</subfield>
  </datafield>
  <datafield tag="377" ind1=" " ind2=" ">
    <subfield code="a">vie</subfield>
    <subfield code="a">eng</subfield>
  </datafield>
  <datafield tag="400" ind1="0" ind2=" ">
    <subfield code="a">Leon Quang Le</subfield>
  </datafield>
  <datafield tag="400" ind1="1" ind2=" ">
    <subfield code="a">Le, Leon Quang</subfield>
  </datafield>
  <datafield tag="670" ind1=" " ind2=" ">
    <subfield code="a">Le, Leon. Song Lang nhìn lại, 2019:</subfield>
    <subfield code="b">cover (Leon Le) flap of back jacket (b. in Sài Gòn; settled in US at the age of 13; passion for cải lương; back in Vietnam to make his first feature film, Song Lang, in 2017; now lives and works in New York City)</subfield>
  </datafield>
  <datafield tag="670" ind1=" " ind2=" ">
    <subfield code="a">IMDb.com, viewed Dec. 17, 2019:</subfield>
    <subfield code="b">(Leon Le, biography: writer/director/actor; his first feature film, Song Lang, filmed entirely in Vietnam, made its debut there in 2018 earning significant awards worldwide)</subfield>
    <subfield code="u">https://www.imdb.com/name/nm1152754/bio?ref_=nm_ov_bio_sm</subfield>
  </datafield>
  <datafield tag="670" ind1=" " ind2=" ">
    <subfield code="a">wikipedia.org, viewed Dec. 18, 2019:</subfield>
    <subfield code="b">(Leon Quang Le)</subfield>
    <subfield code="u">https://vi.wikipedia.org/wiki/Song_lang_(phim)</subfield>
  </datafield>
</record>