
<record>
  <leader>00700cz  a2200145n  4500</leader>
  <controlfield tag="001">11252220</controlfield>
  <controlfield tag="003">DLC</controlfield>
  <controlfield tag="005">20200103153506.0</controlfield>
  <controlfield tag="008">191219n| azannaabn          |n aaa     c</controlfield>
  <datafield tag="010" ind1=" " ind2=" ">
    <subfield code="a">no2019188572</subfield>
  </datafield>
  <datafield tag="035" ind1=" " ind2=" ">
    <subfield code="a">(OCoLC)oca12648613</subfield>
  </datafield>
  <datafield tag="040" ind1=" " ind2=" ">
    <subfield code="a">IJol</subfield>
    <subfield code="b">eng</subfield>
    <subfield code="e">rda</subfield>
    <subfield code="c">IJol</subfield>
    <subfield code="d">DLC</subfield>
  </datafield>
  <datafield tag="100" ind1="1" ind2=" ">
    <subfield code="a">Renault, Jayne</subfield>
  </datafield>
  <datafield tag="374" ind1=" " ind2=" ">
    <subfield code="a">Authors</subfield>
    <subfield code="2">lcsh</subfield>
  </datafield>
  <datafield tag="670" ind1=" " ind2=" ">
    <subfield code="a">Best Women&apos;s Erotica of the Year: Volume Five, 2019 :</subfield>
    <subfield code="b">table of contents (Jayne Renault) page 266 (Jayne Renault is a long-winded smutty wordsmith who likes to fill her pages with bisexual babes, scandal and infidelity, smug masturbation, and a little magic. A good metaphor turn sher on more than a pretty face ever could, and she is the resident Smut Queen at Bellesa.)</subfield>
  </datafield>
</record>