
<record>
  <leader>01116cz  a2200217n  4500</leader>
  <controlfield tag="001">11252278</controlfield>
  <controlfield tag="003">DLC</controlfield>
  <controlfield tag="005">20200103073142.0</controlfield>
  <controlfield tag="008">191219n| azannaabn          |n aaa     c</controlfield>
  <datafield tag="010" ind1=" " ind2=" ">
    <subfield code="a">no2019188630</subfield>
  </datafield>
  <datafield tag="035" ind1=" " ind2=" ">
    <subfield code="a">(OCoLC)oca12648671</subfield>
  </datafield>
  <datafield tag="040" ind1=" " ind2=" ">
    <subfield code="a">NbOC-L</subfield>
    <subfield code="b">eng</subfield>
    <subfield code="e">rda</subfield>
    <subfield code="c">NbOC-L</subfield>
    <subfield code="d">NbOC-L</subfield>
  </datafield>
  <datafield tag="046" ind1=" " ind2=" ">
    <subfield code="f">1984</subfield>
    <subfield code="2">edtf</subfield>
  </datafield>
  <datafield tag="100" ind1="1" ind2=" ">
    <subfield code="a">Sevcik, Elizabeth A.,</subfield>
    <subfield code="d">1984-</subfield>
  </datafield>
  <datafield tag="370" ind1=" " ind2=" ">
    <subfield code="c">United States</subfield>
    <subfield code="f">Omaha (Neb.)</subfield>
    <subfield code="2">naf</subfield>
  </datafield>
  <datafield tag="372" ind1=" " ind2=" ">
    <subfield code="a">Real property</subfield>
    <subfield code="2">lcsh</subfield>
  </datafield>
  <datafield tag="374" ind1=" " ind2=" ">
    <subfield code="a">Lawyers</subfield>
    <subfield code="2">lcsh</subfield>
  </datafield>
  <datafield tag="375" ind1=" " ind2=" ">
    <subfield code="a">Females</subfield>
    <subfield code="2">lcdgt</subfield>
  </datafield>
  <datafield tag="377" ind1=" " ind2=" ">
    <subfield code="a">eng</subfield>
  </datafield>
  <datafield tag="670" ind1=" " ind2=" ">
    <subfield code="a">Real estate closings from start to finish, 2019:</subfield>
    <subfield code="b">p. [5] (Elizabeth A. Sevcik, Croker, Huck, Kasher, DeWitt, Anderson &amp; Gonderinger, L.L.C., Omaha, NE) p. [7] (practices in the areas of banking and finance transactions, business law, real estate matters, and estate planning and probate)</subfield>
  </datafield>
  <datafield tag="670" ind1=" " ind2=" ">
    <subfield code="a">LexisNexis law directory, December 18, 2019:</subfield>
    <subfield code="b">(Elizabeth A. Sevcik, Omaha, Nebraska (Douglas County)); practices in the areas of banks and banking, finance, commercial law; Admitted: 2009; University of Nebraska at Lincoln College of Law (J.D.); University of Nebraska at Lincoln (B.S.); Born: 1984)</subfield>
  </datafield>
</record>