
<record>
  <leader>00809cz  a2200205n  4500</leader>
  <controlfield tag="001">11252746</controlfield>
  <controlfield tag="003">DLC</controlfield>
  <controlfield tag="005">20200103154000.0</controlfield>
  <controlfield tag="008">191220n| azannaabn          |b aaa      </controlfield>
  <datafield tag="010" ind1=" " ind2=" ">
    <subfield code="a">n 2019073644</subfield>
  </datafield>
  <datafield tag="040" ind1=" " ind2=" ">
    <subfield code="a">DLC</subfield>
    <subfield code="b">eng</subfield>
    <subfield code="e">rda</subfield>
    <subfield code="c">DLC</subfield>
    <subfield code="d">DLC</subfield>
  </datafield>
  <datafield tag="100" ind1="1" ind2=" ">
    <subfield code="a">Mukhḣamadov, Makhḣmud-Apandi</subfield>
  </datafield>
  <datafield tag="374" ind1=" " ind2=" ">
    <subfield code="a">Authors</subfield>
    <subfield code="2">lcsh</subfield>
  </datafield>
  <datafield tag="375" ind1=" " ind2=" ">
    <subfield code="a">Males</subfield>
    <subfield code="2">lcdgt</subfield>
  </datafield>
  <datafield tag="377" ind1=" " ind2=" ">
    <subfield code="a">ava</subfield>
  </datafield>
  <datafield tag="400" ind1="1" ind2=" ">
    <subfield code="a">МухІамадов, МахІмуд-Апанди</subfield>
  </datafield>
  <datafield tag="400" ind1="1" ind2=" ">
    <subfield code="a">Magomedov, Makhmud-Apandi</subfield>
  </datafield>
  <datafield tag="400" ind1="1" ind2=" ">
    <subfield code="a">Магомедов, Маxмуд-Апанди</subfield>
  </datafield>
  <datafield tag="667" ind1=" " ind2=" ">
    <subfield code="a">Non-Latin script reference not evaluated.</subfield>
  </datafield>
  <datafield tag="670" ind1=" " ind2=" ">
    <subfield code="a">Unkʺbokḣonal chḣinkhal, 2013:</subfield>
    <subfield code="b">title page (МахІмуд-Апанди МухІамадов = Makhḣmud-Apandi Mukhḣamadov [in rom.]) colophon (Маxмуд-Апанди Магомедов = Makhmud-Apandi Magomedov)</subfield>
  </datafield>
</record>