
<record>
  <leader>01058cz  a2200217n  4500</leader>
  <controlfield tag="001">11253418</controlfield>
  <controlfield tag="003">DLC</controlfield>
  <controlfield tag="005">20200103073142.0</controlfield>
  <controlfield tag="008">191220n| azannaabn          |n aaa     c</controlfield>
  <datafield tag="010" ind1=" " ind2=" ">
    <subfield code="a">no2019189322</subfield>
  </datafield>
  <datafield tag="035" ind1=" " ind2=" ">
    <subfield code="a">(OCoLC)oca12649363</subfield>
  </datafield>
  <datafield tag="040" ind1=" " ind2=" ">
    <subfield code="a">CoU-DA</subfield>
    <subfield code="b">eng</subfield>
    <subfield code="e">rda</subfield>
    <subfield code="c">CoU-DA</subfield>
    <subfield code="d">CoU-DA</subfield>
  </datafield>
  <datafield tag="100" ind1="1" ind2=" ">
    <subfield code="a">Carr, Natasha B.</subfield>
  </datafield>
  <datafield tag="370" ind1=" " ind2=" ">
    <subfield code="e">Fort Collins (Colo.)</subfield>
    <subfield code="2">naf</subfield>
  </datafield>
  <datafield tag="372" ind1=" " ind2=" ">
    <subfield code="a">Environmental sciences</subfield>
    <subfield code="2">lcsh</subfield>
  </datafield>
  <datafield tag="373" ind1=" " ind2=" ">
    <subfield code="a">Geological Survey (U.S.)</subfield>
    <subfield code="2">naf</subfield>
  </datafield>
  <datafield tag="374" ind1=" " ind2=" ">
    <subfield code="a">Ecologists</subfield>
    <subfield code="2">lcsh</subfield>
  </datafield>
  <datafield tag="375" ind1=" " ind2=" ">
    <subfield code="a">Females</subfield>
    <subfield code="2">lcdgt</subfield>
  </datafield>
  <datafield tag="670" ind1=" " ind2=" ">
    <subfield code="a">Wyoming Basin Rapid Ecoregional Assessment, 2017</subfield>
    <subfield code="b">(edited by Natasha B. Carr)</subfield>
    <subfield code="u">https://purl.fdlp.gov/GPO/gpo128000</subfield>
  </datafield>
  <datafield tag="670" ind1=" " ind2=" ">
    <subfield code="a">FederalPay.org website, viewed December 20, 2019</subfield>
    <subfield code="b">(In 2018, Natasha B. Carr was an Ecologist at the Geological Survey in Fort Collins, Colorado)</subfield>
    <subfield code="u">https://www.federalpay.org/employees/geological-survey/carr-natasha-b</subfield>
  </datafield>
  <datafield tag="670" ind1=" " ind2=" ">
    <subfield code="a">ResearchGate.net website, viewed December 20, 2019</subfield>
    <subfield code="b">(Natasha B. Carr. United States Geological Survey /USGS - Fort Collins Science Center)</subfield>
    <subfield code="u">https://www.researchgate.net/profile/Natasha_Carr3</subfield>
  </datafield>
</record>