
<record>
  <leader>00785cz  a2200169n  4500</leader>
  <controlfield tag="001">11253684</controlfield>
  <controlfield tag="003">DLC</controlfield>
  <controlfield tag="005">20200103073142.0</controlfield>
  <controlfield tag="008">191220n| azannaabn          |n aaa     c</controlfield>
  <datafield tag="010" ind1=" " ind2=" ">
    <subfield code="a">no2019189598</subfield>
  </datafield>
  <datafield tag="035" ind1=" " ind2=" ">
    <subfield code="a">(OCoLC)oca12652099</subfield>
  </datafield>
  <datafield tag="040" ind1=" " ind2=" ">
    <subfield code="a">RPB-M</subfield>
    <subfield code="b">eng</subfield>
    <subfield code="e">rda</subfield>
    <subfield code="c">RPB-M</subfield>
    <subfield code="d">RPB-M</subfield>
  </datafield>
  <datafield tag="046" ind1=" " ind2=" ">
    <subfield code="k">2017</subfield>
    <subfield code="2">edtf</subfield>
  </datafield>
  <datafield tag="100" ind1="1" ind2=" ">
    <subfield code="a">Volness, Kirsten.</subfield>
    <subfield code="t">For Anna Atkins</subfield>
  </datafield>
  <datafield tag="380" ind1=" " ind2=" ">
    <subfield code="a">Chamber music</subfield>
    <subfield code="2">lcsh</subfield>
  </datafield>
  <datafield tag="382" ind1="0" ind2=" ">
    <subfield code="a">clarinet</subfield>
    <subfield code="n">1</subfield>
    <subfield code="d">bass clarinet</subfield>
    <subfield code="n">1</subfield>
    <subfield code="a">violin</subfield>
    <subfield code="n">1</subfield>
    <subfield code="a">double bass</subfield>
    <subfield code="n">1</subfield>
    <subfield code="a">electric guitar</subfield>
    <subfield code="n">1</subfield>
    <subfield code="a">electric piano</subfield>
    <subfield code="n">1</subfield>
    <subfield code="p">synthesizer</subfield>
    <subfield code="n">1</subfield>
    <subfield code="a">percussion</subfield>
    <subfield code="n">1</subfield>
    <subfield code="s">6</subfield>
    <subfield code="2">lcmpt</subfield>
  </datafield>
  <datafield tag="670" ind1=" " ind2=" ">
    <subfield code="a">Volness, Kirsten. For Anna Atkins, 2017:</subfield>
    <subfield code="b">title page (For Anna Atkins ; 2017) prelim. page (for clarinets (B♭ / bass), percussion, electric guitar, electric piano/synth, violin, double bass, &amp; electronics ; with optional video / dance elements)</subfield>
  </datafield>
</record>