
<record>
  <leader>00704cz  a2200145n  4500</leader>
  <controlfield tag="001">11256239</controlfield>
  <controlfield tag="003">DLC</controlfield>
  <controlfield tag="005">20200103133436.0</controlfield>
  <controlfield tag="008">191230n| azannaabn          |n ana      </controlfield>
  <datafield tag="010" ind1=" " ind2=" ">
    <subfield code="a">n 2019074426</subfield>
  </datafield>
  <datafield tag="040" ind1=" " ind2=" ">
    <subfield code="a">DLC</subfield>
    <subfield code="b">eng</subfield>
    <subfield code="e">rda</subfield>
    <subfield code="c">DLC</subfield>
  </datafield>
  <datafield tag="110" ind1="2" ind2=" ">
    <subfield code="a">Confederate States of America.</subfield>
    <subfield code="b">Army of Tennessee.</subfield>
    <subfield code="b">Bankhead&apos;s Tennessee Battery.</subfield>
  </datafield>
  <datafield tag="370" ind1=" " ind2=" ">
    <subfield code="f">Memphis (Tenn.)</subfield>
    <subfield code="2">naf</subfield>
  </datafield>
  <datafield tag="410" ind1="2" ind2=" ">
    <subfield code="a">Confederate States of America.</subfield>
    <subfield code="b">Army of Tennessee.</subfield>
    <subfield code="b">Scott&apos;s Tennessee Battery.</subfield>
  </datafield>
  <datafield tag="670" ind1=" " ind2=" ">
    <subfield code="a">Courage and devotion, 2014</subfield>
    <subfield code="b">inside cover (Light artillery battery formed 1861 in Memphis, Tennesseee, by Smith P. Bank; attached to Confederate Army of Tennessee; fought at Shiloh where William L. Scott assumed command; overrun at Missionary Ridge)</subfield>
  </datafield>
</record>