
<record>
  <leader>00718cz  a2200193n  4500</leader>
  <controlfield tag="001">11257067</controlfield>
  <controlfield tag="003">DLC</controlfield>
  <controlfield tag="005">20200103080614.0</controlfield>
  <controlfield tag="008">200102n| azannaabn          |n aaa      </controlfield>
  <datafield tag="010" ind1=" " ind2=" ">
    <subfield code="a">n 2020000003</subfield>
  </datafield>
  <datafield tag="040" ind1=" " ind2=" ">
    <subfield code="a">DLC</subfield>
    <subfield code="b">eng</subfield>
    <subfield code="e">rda</subfield>
    <subfield code="c">DLC</subfield>
    <subfield code="d">DLC</subfield>
  </datafield>
  <datafield tag="046" ind1=" " ind2=" ">
    <subfield code="f">1954</subfield>
    <subfield code="2">edtf</subfield>
  </datafield>
  <datafield tag="100" ind1="1" ind2=" ">
    <subfield code="a">Laroche, Michel,</subfield>
    <subfield code="d">1954-</subfield>
  </datafield>
  <datafield tag="370" ind1=" " ind2=" ">
    <subfield code="e">Toulouse (France)</subfield>
    <subfield code="2">naf</subfield>
  </datafield>
  <datafield tag="374" ind1=" " ind2=" ">
    <subfield code="a">Rheumatologists</subfield>
    <subfield code="2">lcsh</subfield>
  </datafield>
  <datafield tag="375" ind1=" " ind2=" ">
    <subfield code="a">male</subfield>
  </datafield>
  <datafield tag="377" ind1=" " ind2=" ">
    <subfield code="a">fre</subfield>
  </datafield>
  <datafield tag="670" ind1=" " ind2=" ">
    <subfield code="a">Recherche médecin désespérément, 2019:</subfield>
    <subfield code="b">title page (Michel Laroche) cover page 4 (professor of rheumatology at CHU Toulouse ; specialized in osteoporosis and bone diseases ; fights against medical deserts)</subfield>
  </datafield>
  <datafield tag="670" ind1=" " ind2=" ">
    <subfield code="a">BNF catalog, viewed Jan. 3, 2020:</subfield>
    <subfield code="b">heading (Laroche, Michel (1954-....))</subfield>
  </datafield>
</record>