
<record>
  <leader>00548cz  a2200121n  4500</leader>
  <controlfield tag="001">11257132</controlfield>
  <controlfield tag="003">DLC</controlfield>
  <controlfield tag="005">20200103150839.0</controlfield>
  <controlfield tag="008">200102n| azannaabn          |n ana      </controlfield>
  <datafield tag="010" ind1=" " ind2=" ">
    <subfield code="a">n 2020000075</subfield>
  </datafield>
  <datafield tag="040" ind1=" " ind2=" ">
    <subfield code="a">DLC</subfield>
    <subfield code="b">eng</subfield>
    <subfield code="e">rda</subfield>
    <subfield code="c">DLC</subfield>
    <subfield code="d">DLC</subfield>
  </datafield>
  <datafield tag="110" ind1="2" ind2=" ">
    <subfield code="a">Association des conservateurs des antiquités et objets d&apos;art de France.</subfield>
    <subfield code="b">Colloque</subfield>
    <subfield code="d">(2017 :</subfield>
    <subfield code="c">Alençon, France)</subfield>
  </datafield>
  <datafield tag="670" ind1=" " ind2=" ">
    <subfield code="a">Regards sur le patrimoine de demain, 2018:</subfield>
    <subfield code="b">page 7 (collloque de l&apos;Association des conservateurs des antiquités et objets d&apos;art de France, tenu à Alençon, du 28 au 30 septembre 2017)</subfield>
  </datafield>
</record>