
<record>
  <leader>02158cz  a2200181n  4500</leader>
  <controlfield tag="001">11257228</controlfield>
  <controlfield tag="003">DLC</controlfield>
  <controlfield tag="005">20200103092300.0</controlfield>
  <controlfield tag="008">200102n| azannaabn          |b ana      </controlfield>
  <datafield tag="010" ind1=" " ind2=" ">
    <subfield code="a">n 2020000173</subfield>
  </datafield>
  <datafield tag="040" ind1=" " ind2=" ">
    <subfield code="a">DLC</subfield>
    <subfield code="b">eng</subfield>
    <subfield code="c">DLC</subfield>
    <subfield code="e">rda</subfield>
  </datafield>
  <datafield tag="111" ind1="2" ind2=" ">
    <subfield code="a">Suchasni informat︠s︡iĭni tekhnolohiï v ekonomit︠s︡i ta upravlinni pidpryi︠e︡mstvamy, prohramamy i proektamy (Conference)</subfield>
    <subfield code="n">(9th :</subfield>
    <subfield code="d">2011 :</subfield>
    <subfield code="c">Alushta, Ukraine)</subfield>
  </datafield>
  <datafield tag="411" ind1="2" ind2=" ">
    <subfield code="a">Sovremennye informat︠s︡ionnye tekhnologii v ėkonomike i upravlenii predprii︠a︡tii︠a︡mi, programmami i proektami (Conference)</subfield>
    <subfield code="n">(9th :</subfield>
    <subfield code="d">2011 :</subfield>
    <subfield code="c">Alushta, Ukraine)</subfield>
  </datafield>
  <datafield tag="411" ind1="2" ind2=" ">
    <subfield code="a">Современные информационные технологии в экономике и управлении предприятими, программами и проектами (Conference)</subfield>
    <subfield code="n">(9th :</subfield>
    <subfield code="d">2011 :</subfield>
    <subfield code="c">Alushta, Ukraine)</subfield>
  </datafield>
  <datafield tag="411" ind1="2" ind2=" ">
    <subfield code="a">Сучасні інформаційні технології в економіці та управлінні підприємствами, програмами і проектами (Conference)</subfield>
    <subfield code="n">(9th :</subfield>
    <subfield code="d">2011 :</subfield>
    <subfield code="c">Alushta, Ukraine)</subfield>
  </datafield>
  <datafield tag="667" ind1=" " ind2=" ">
    <subfield code="a">Non-Latin script reference not evaluated.</subfield>
  </datafield>
  <datafield tag="670" ind1=" " ind2=" ">
    <subfield code="a">Sovremennye informat︠s︡ionnye tekhnologii v ėkonomike i upravlenii predprii︠a︡tii︠a︡mi, programmami i proektami, 2011:</subfield>
    <subfield code="b">page e of cover (Сучасні інформаційні технології в економіці та управлінні підприємствами, програмами і проектами = Suchasni informat︠s︡iĭni tekhnolohiï v ekonomit︠s︡i ta upravlinni pidpryi︠e︡mstvamy, prohramamy i proektamy; тези доповідей ІХ Міжнародної науково-практичної конференції) title page (Современные информационные технологии в экономике и управлении предприятими, программами и проектами = Sovremennye informat︠s︡ionnye tekhnologii v ėkonomike i upravlenii predprii︠a︡tii︠a︡mi, programmami i proektami) title page verso (Алушта, 12-18 сентября 2011 г.)</subfield>
  </datafield>
  <datafield tag="953" ind1=" " ind2=" ">
    <subfield code="a">fc04</subfield>
  </datafield>
</record>