
<record>
  <leader>00792cz  a2200181n  4500</leader>
  <controlfield tag="001">11257253</controlfield>
  <controlfield tag="003">DLC</controlfield>
  <controlfield tag="005">20200103005914.0</controlfield>
  <controlfield tag="008">200103n| azannaabn          |a ana      </controlfield>
  <datafield tag="010" ind1=" " ind2=" ">
    <subfield code="a">n 2020220005</subfield>
  </datafield>
  <datafield tag="040" ind1=" " ind2=" ">
    <subfield code="a">DLC</subfield>
    <subfield code="b">eng</subfield>
    <subfield code="c">DLC</subfield>
    <subfield code="e">rda</subfield>
  </datafield>
  <datafield tag="046" ind1=" " ind2=" ">
    <subfield code="s">2015-12-01</subfield>
    <subfield code="t">2015-12-05</subfield>
    <subfield code="2">edtf</subfield>
  </datafield>
  <datafield tag="111" ind1="2" ind2=" ">
    <subfield code="a">Kongres Kesenian Indonesia</subfield>
    <subfield code="n">(3rd :</subfield>
    <subfield code="d">2015 :</subfield>
    <subfield code="c">Bandung, Indonesia)</subfield>
  </datafield>
  <datafield tag="370" ind1=" " ind2=" ">
    <subfield code="f">Bandung (Indonesia)</subfield>
    <subfield code="2">naf</subfield>
  </datafield>
  <datafield tag="377" ind1=" " ind2=" ">
    <subfield code="a">ind</subfield>
  </datafield>
  <datafield tag="667" ind1=" " ind2=" ">
    <subfield code="a">See also related access points for individual instances of this conference, which include specific information about the number, date, or place of individual conferences.</subfield>
  </datafield>
  <datafield tag="411" ind1="2" ind2=" ">
    <subfield code="a">KKI</subfield>
    <subfield code="n">(3rd :</subfield>
    <subfield code="c">2015 :</subfield>
    <subfield code="c">Bandung, Indonesia)</subfield>
  </datafield>
  <datafield tag="670" ind1=" " ind2=" ">
    <subfield code="a">Prosiding Kongres Kesenian Indonesia III, 2015:</subfield>
    <subfield code="b">t.p. (Kongres Kesenian Indonesia III; held on Dec. 1-5, 2015 in Bandung) p. v (KKI III)</subfield>
  </datafield>
</record>