
<record>
  <leader>00432nz  a2200145n  4500</leader>
  <controlfield tag="001">11257254</controlfield>
  <controlfield tag="003">DLC</controlfield>
  <controlfield tag="005">20200103011611.0</controlfield>
  <controlfield tag="008">200103n| azannaabn          |n aaa      </controlfield>
  <datafield tag="010" ind1=" " ind2=" ">
    <subfield code="a">n 2019242846</subfield>
  </datafield>
  <datafield tag="040" ind1=" " ind2=" ">
    <subfield code="a">DLC</subfield>
    <subfield code="b">eng</subfield>
    <subfield code="e">rda</subfield>
    <subfield code="c">DLC</subfield>
  </datafield>
  <datafield tag="046" ind1=" " ind2=" ">
    <subfield code="k">2010-12</subfield>
    <subfield code="2">edtf</subfield>
  </datafield>
  <datafield tag="100" ind1="1" ind2=" ">
    <subfield code="a">Paniker, K. C. S.</subfield>
    <subfield code="q">(Kolozhi Cheerambathur Sankara),</subfield>
    <subfield code="d">1911-1977.</subfield>
    <subfield code="t">Paintings.</subfield>
    <subfield code="k">Selections</subfield>
  </datafield>
  <datafield tag="370" ind1=" " ind2=" ">
    <subfield code="g">Thrissur (India)</subfield>
    <subfield code="2">naf</subfield>
  </datafield>
  <datafield tag="670" ind1=" " ind2=" ">
    <subfield code="a">Ke Si Es Paṇkkar, December 2010.</subfield>
  </datafield>
</record>