
<record>
  <leader>00950nz  a2200229n  4500</leader>
  <controlfield tag="001">11257255</controlfield>
  <controlfield tag="003">DLC</controlfield>
  <controlfield tag="005">20200103011809.0</controlfield>
  <controlfield tag="008">200103n| azannaabn          |a aaa      </controlfield>
  <datafield tag="010" ind1=" " ind2=" ">
    <subfield code="a">n 2019241079</subfield>
  </datafield>
  <datafield tag="040" ind1=" " ind2=" ">
    <subfield code="a">DLC</subfield>
    <subfield code="b">eng</subfield>
    <subfield code="e">rda</subfield>
    <subfield code="c">DLC</subfield>
  </datafield>
  <datafield tag="046" ind1=" " ind2=" ">
    <subfield code="f">1944-06-27</subfield>
    <subfield code="2">edtf</subfield>
  </datafield>
  <datafield tag="100" ind1="1" ind2=" ">
    <subfield code="a">Bālacandran, Ji.,</subfield>
    <subfield code="d">1944-</subfield>
  </datafield>
  <datafield tag="370" ind1=" " ind2=" ">
    <subfield code="a">Alappuzha (India)</subfield>
    <subfield code="2">naf</subfield>
  </datafield>
  <datafield tag="371" ind1=" " ind2=" ">
    <subfield code="m">prof.gbalachandran@gmail.com</subfield>
    <subfield code="v">Takal̲iyuṭe sargapathaṅṅaḷ, March 2013</subfield>
  </datafield>
  <datafield tag="372" ind1=" " ind2=" ">
    <subfield code="a">Literature</subfield>
    <subfield code="a">College teaching</subfield>
    <subfield code="a">Politics, Practical</subfield>
    <subfield code="2">lcsh</subfield>
  </datafield>
  <datafield tag="374" ind1=" " ind2=" ">
    <subfield code="a">University and college faculty members</subfield>
    <subfield code="a">Politicians</subfield>
    <subfield code="2">lcdgt</subfield>
  </datafield>
  <datafield tag="375" ind1=" " ind2=" ">
    <subfield code="a">Males</subfield>
    <subfield code="2">lcdgt</subfield>
  </datafield>
  <datafield tag="377" ind1=" " ind2=" ">
    <subfield code="a">mal</subfield>
  </datafield>
  <datafield tag="400" ind1="1" ind2=" ">
    <subfield code="a">Bālacandran, G.,</subfield>
    <subfield code="d">1944-</subfield>
  </datafield>
  <datafield tag="400" ind1="1" ind2=" ">
    <subfield code="a">Balachandran, G.,</subfield>
    <subfield code="d">1944-</subfield>
  </datafield>
  <datafield tag="670" ind1=" " ind2=" ">
    <subfield code="a">Takal̲iyuṭe sargapathaṅṅaḷ, March 2013:</subfield>
    <subfield code="b">title page (Pr̲opha. Ji. Bālacandran) p. facing t.p. (Prof. G. Balachandran) t.p. verso (born June 27, 1944 in Alappuzha, Kerala, India; Malayalam literature professor and politician)</subfield>
  </datafield>
</record>