
<record>
  <leader>00307nz  a2200121n  4500</leader>
  <controlfield tag="001">11257256</controlfield>
  <controlfield tag="003">DLC</controlfield>
  <controlfield tag="005">20200103014811.0</controlfield>
  <controlfield tag="008">200103n| azannaabn          |n aaa      </controlfield>
  <datafield tag="010" ind1=" " ind2=" ">
    <subfield code="a">n 2020220006</subfield>
  </datafield>
  <datafield tag="040" ind1=" " ind2=" ">
    <subfield code="a">DLC</subfield>
    <subfield code="b">eng</subfield>
    <subfield code="c">DLC</subfield>
    <subfield code="e">rda</subfield>
  </datafield>
  <datafield tag="100" ind1="1" ind2=" ">
    <subfield code="a">Sutrisno, Bambang.</subfield>
    <subfield code="t">Rumah tinggal.</subfield>
    <subfield code="l">English.</subfield>
  </datafield>
  <datafield tag="670" ind1=" " ind2=" ">
    <subfield code="a">Rumah tinggal, 2017.</subfield>
  </datafield>
</record>