
<record>
  <leader>00566nz  a2200157n  4500</leader>
  <controlfield tag="001">11257257</controlfield>
  <controlfield tag="003">DLC</controlfield>
  <controlfield tag="005">20200103015254.0</controlfield>
  <controlfield tag="008">200103n| azannaabn          |a ana      </controlfield>
  <datafield tag="010" ind1=" " ind2=" ">
    <subfield code="a">n 2020220007</subfield>
  </datafield>
  <datafield tag="040" ind1=" " ind2=" ">
    <subfield code="a">DLC</subfield>
    <subfield code="b">eng</subfield>
    <subfield code="c">DLC</subfield>
    <subfield code="e">rda</subfield>
  </datafield>
  <datafield tag="046" ind1=" " ind2=" ">
    <subfield code="k">2017</subfield>
    <subfield code="2">edtf</subfield>
  </datafield>
  <datafield tag="110" ind1="1" ind2=" ">
    <subfield code="a">Indonesia.</subfield>
    <subfield code="t">Undang-Undang Tentang Arsitek</subfield>
  </datafield>
  <datafield tag="380" ind1=" " ind2=" ">
    <subfield code="a">Architect law</subfield>
  </datafield>
  <datafield tag="410" ind1="1" ind2=" ">
    <subfield code="a">Indonesia.</subfield>
    <subfield code="t">Undang-Undang Republik Indonesia nomor 6 tahun 2017 Tentang Arsitek</subfield>
  </datafield>
  <datafield tag="670" ind1=" " ind2=" ">
    <subfield code="a">Rumah tinggal, 2017:</subfield>
    <subfield code="b">p. 105 (Undang-Undang Republik Indonesia nomor 6 tahun 2017 Tentang Arsitek; Undang-Undang Tentang Arsitek)</subfield>
  </datafield>
</record>