
<record>
  <leader>00982cz  a2200193n  4500</leader>
  <controlfield tag="001">11257258</controlfield>
  <controlfield tag="003">DLC</controlfield>
  <controlfield tag="005">20200103041017.0</controlfield>
  <controlfield tag="008">200103n| azannaabn          |n ana      </controlfield>
  <datafield tag="010" ind1=" " ind2=" ">
    <subfield code="a">n 2020223500</subfield>
  </datafield>
  <datafield tag="040" ind1=" " ind2=" ">
    <subfield code="a">DLC</subfield>
    <subfield code="b">eng</subfield>
    <subfield code="e">rda</subfield>
    <subfield code="c">DLC</subfield>
  </datafield>
  <datafield tag="110" ind1="1" ind2=" ">
    <subfield code="a">Thailand.</subfield>
    <subfield code="b">Samnakngān Phatthanā Chumchon Čhangwat Chīang Mai</subfield>
  </datafield>
  <datafield tag="368" ind1=" " ind2=" ">
    <subfield code="a">Government agency</subfield>
  </datafield>
  <datafield tag="370" ind1=" " ind2=" ">
    <subfield code="e">Chiang Mai (Thailand)</subfield>
    <subfield code="2">naf</subfield>
  </datafield>
  <datafield tag="371" ind1=" " ind2=" ">
    <subfield code="a"></subfield>
  </datafield>
  <datafield tag="377" ind1=" " ind2=" ">
    <subfield code="a">tha</subfield>
  </datafield>
  <datafield tag="410" ind1="1" ind2=" ">
    <subfield code="a">Thailand.</subfield>
    <subfield code="b">Krom Kānphatthanā Chumchon.</subfield>
    <subfield code="b">Samnakngān Phatthanā Chumchon Čhangwat Chīang Mai</subfield>
  </datafield>
  <datafield tag="670" ind1=" " ind2=" ">
    <subfield code="a">Chiang Mai, 2019?:</subfield>
    <subfield code="b">title page (Samnakngān Phatthanā Chumchon Čhangwat Chīang Mai, Krom Kānphatthanā Chumchon, Krasūang Mahātthai)</subfield>
  </datafield>
  <datafield tag="670" ind1=" " ind2=" ">
    <subfield code="a">Chīang Mai, 2019?:</subfield>
    <subfield code="b">page 158 (Samnakngān Phatthanā Chumchon Čhangwat Chīang Mai, Sūn Rātchakan Čhangwat Chīang Mai, ʻĀkhān ʻAmnūaikān (Chan 5),  Thanon Chōtanā, Tambon Chāng Phư̄ak, ʻAmphœ̄ Mư̄ang Chīang Mai, Čhangwat Chīang Mai)</subfield>
  </datafield>
</record>