
<record>
  <leader>00337nz  a2200133n  4500</leader>
  <controlfield tag="001">11257259</controlfield>
  <controlfield tag="003">DLC</controlfield>
  <controlfield tag="005">20200103034502.0</controlfield>
  <controlfield tag="008">200103n| azannaabn          |n aaa      </controlfield>
  <datafield tag="010" ind1=" " ind2=" ">
    <subfield code="a">n 2019188761</subfield>
  </datafield>
  <datafield tag="035" ind1=" " ind2=" ">
    <subfield code="a">(DNLM)526166</subfield>
  </datafield>
  <datafield tag="040" ind1=" " ind2=" ">
    <subfield code="a">DNLM</subfield>
    <subfield code="b">eng</subfield>
    <subfield code="e">rda</subfield>
    <subfield code="c">DNLM</subfield>
  </datafield>
  <datafield tag="100" ind1="1" ind2=" ">
    <subfield code="a">Bisofs, J. A.</subfield>
  </datafield>
  <datafield tag="670" ind1=" " ind2=" ">
    <subfield code="a">Could bromides be used?, 1953:</subfield>
    <subfield code="b">t.p. (J.A. Bisofs)</subfield>
  </datafield>
</record>