
<record>
  <leader>00917nz  a2200205n  4500</leader>
  <controlfield tag="001">11257260</controlfield>
  <controlfield tag="003">DLC</controlfield>
  <controlfield tag="005">20200103034502.0</controlfield>
  <controlfield tag="008">200103 | azannaabn          |n aad      </controlfield>
  <datafield tag="010" ind1=" " ind2=" ">
    <subfield code="a">n 2019188903</subfield>
  </datafield>
  <datafield tag="035" ind1=" " ind2=" ">
    <subfield code="a">(DNLM)575552</subfield>
  </datafield>
  <datafield tag="040" ind1=" " ind2=" ">
    <subfield code="a">DNLM</subfield>
    <subfield code="b">eng</subfield>
    <subfield code="e">rda</subfield>
    <subfield code="c">DNLM</subfield>
  </datafield>
  <datafield tag="046" ind1=" " ind2=" ">
    <subfield code="f">1884-04-05</subfield>
    <subfield code="g">1951-09-12</subfield>
    <subfield code="2">edtf</subfield>
  </datafield>
  <datafield tag="100" ind1="1" ind2=" ">
    <subfield code="a">Costantini, H.</subfield>
    <subfield code="q">(Henri),</subfield>
    <subfield code="d">1884-1951</subfield>
  </datafield>
  <datafield tag="374" ind1=" " ind2=" ">
    <subfield code="a">Surgeons</subfield>
    <subfield code="2">mesh</subfield>
  </datafield>
  <datafield tag="378" ind1=" " ind2=" ">
    <subfield code="q">Joseph André Henri</subfield>
  </datafield>
  <datafield tag="400" ind1="1" ind2=" ">
    <subfield code="a">Costantini, Henri,</subfield>
    <subfield code="d">1884-1951</subfield>
  </datafield>
  <datafield tag="670" ind1=" " ind2=" ">
    <subfield code="a">Titres et travaux scientifiques du Docteur H. Costantini, not before 1925:</subfield>
    <subfield code="b">title page (Docteur H. Constantini)</subfield>
  </datafield>
  <datafield tag="670" ind1=" " ind2=" ">
    <subfield code="a">OCLC database, Dec. 12, 2019</subfield>
    <subfield code="b">(access point: Costantini, Henri, 1884-1951; usage: Docteur H. Costantini)</subfield>
  </datafield>
  <datafield tag="670" ind1=" " ind2=" ">
    <subfield code="a">CTHS web site, Dec. 12, 2019</subfield>
    <subfield code="b">(COSTANTINI Joseph André Henri; b. 5 April 1884 in Constantine, Algeria; d. 12 September 1951 in Arcins, Gironde; French surgeon)</subfield>
    <subfield code="u">https://cths.fr/an/savant.php?id=3283</subfield>
  </datafield>
</record>