
<record>
  <leader>01534nz  a2200265n  4500</leader>
  <controlfield tag="001">11257261</controlfield>
  <controlfield tag="003">DLC</controlfield>
  <controlfield tag="005">20200103034502.0</controlfield>
  <controlfield tag="008">200103n| azannaabn          |b aaa      </controlfield>
  <datafield tag="010" ind1=" " ind2=" ">
    <subfield code="a">n 2019188727</subfield>
  </datafield>
  <datafield tag="035" ind1=" " ind2=" ">
    <subfield code="a">(DNLM)867611</subfield>
  </datafield>
  <datafield tag="040" ind1=" " ind2=" ">
    <subfield code="a">DNLM</subfield>
    <subfield code="b">eng</subfield>
    <subfield code="e">rda</subfield>
    <subfield code="c">DNLM</subfield>
  </datafield>
  <datafield tag="046" ind1=" " ind2=" ">
    <subfield code="f">1896-02-26</subfield>
    <subfield code="g">1977</subfield>
    <subfield code="2">edtf</subfield>
  </datafield>
  <datafield tag="100" ind1="1" ind2=" ">
    <subfield code="a">Syrotynin, M. M.</subfield>
    <subfield code="q">(Mykola Mykolaĭovych),</subfield>
    <subfield code="d">1896-1977</subfield>
  </datafield>
  <datafield tag="378" ind1=" " ind2=" ">
    <subfield code="q">Mykola Mykolaĭovych</subfield>
  </datafield>
  <datafield tag="400" ind1="1" ind2=" ">
    <subfield code="a">Сиротинін, М. M.</subfield>
    <subfield code="q">(Микола Миколайович),</subfield>
    <subfield code="d">1896-1977</subfield>
  </datafield>
  <datafield tag="400" ind1="1" ind2=" ">
    <subfield code="a">Syrotynin, Mykola Mykolaĭovych,</subfield>
    <subfield code="d">1896-1977</subfield>
  </datafield>
  <datafield tag="400" ind1="1" ind2=" ">
    <subfield code="a">Сиротинін, Микола Миколайович,</subfield>
    <subfield code="d">1896-1977</subfield>
  </datafield>
  <datafield tag="400" ind1="1" ind2=" ">
    <subfield code="a">Sirotinin, N. N.</subfield>
    <subfield code="q">(Nikolaĭ Nikolaevich),</subfield>
    <subfield code="d">1896-1977</subfield>
  </datafield>
  <datafield tag="400" ind1="1" ind2=" ">
    <subfield code="a">Сиротинин, Н. Н.</subfield>
    <subfield code="q">(Николай Николаевич),</subfield>
    <subfield code="d">1896-1977</subfield>
  </datafield>
  <datafield tag="400" ind1="1" ind2=" ">
    <subfield code="a">Sirotinin, Nikolaĭ Nikolaevich,</subfield>
    <subfield code="d">1896-1977</subfield>
  </datafield>
  <datafield tag="400" ind1="1" ind2=" ">
    <subfield code="a">Сиротинин, Николай Николаевич,</subfield>
    <subfield code="d">1896-1977</subfield>
  </datafield>
  <datafield tag="670" ind1=" " ind2=" ">
    <subfield code="a">Oleksandr Oleksandrovych Bohomolet︠s︡ʹ, 1959:</subfield>
    <subfield code="b">t.p. (М.М. Сиротинін = M.M. Syrotynin) colophon (Сиротинин Николай Николаевич = Sirotinin Nikolaĭ Nikolaevich [Rus.])</subfield>
  </datafield>
  <datafield tag="670" ind1=" " ind2=" ">
    <subfield code="a">Ukrainian Wikipedia, Dec. 6, 2019:</subfield>
    <subfield code="b">(Микола Миколайович Сиротинін = Mykola Mykolaĭovych Syrotynin; [d.o.b. Feb. 26, 1896; d. 1977])</subfield>
  </datafield>
  <datafield tag="670" ind1=" " ind2=" ">
    <subfield code="a">NLM files, Dec. 6, 2019:</subfield>
    <subfield code="b">(hdg.: Syrotynin, M. M. (Mykola Mykolaĭovych), 1896-1977; usage: М.М. Сиротинін = M.M. Syrotynin; Н.Н. Сиротинин = N.N. Sirotinin)</subfield>
  </datafield>
</record>