
<record>
  <leader>00422nz  a2200145n  4500</leader>
  <controlfield tag="001">11257262</controlfield>
  <controlfield tag="003">DLC</controlfield>
  <controlfield tag="005">20200103034503.0</controlfield>
  <controlfield tag="008">200103n| azannaabn          |n ana      </controlfield>
  <datafield tag="010" ind1=" " ind2=" ">
    <subfield code="a">n 2019188160</subfield>
  </datafield>
  <datafield tag="035" ind1=" " ind2=" ">
    <subfield code="a">(DNLM)1837763</subfield>
  </datafield>
  <datafield tag="040" ind1=" " ind2=" ">
    <subfield code="a">DNLM</subfield>
    <subfield code="b">eng</subfield>
    <subfield code="e">rda</subfield>
    <subfield code="c">DNLM</subfield>
  </datafield>
  <datafield tag="110" ind1="1" ind2=" ">
    <subfield code="a">Peru.</subfield>
    <subfield code="b">Comité Nacional del Peru</subfield>
  </datafield>
  <datafield tag="370" ind1=" " ind2=" ">
    <subfield code="c">Peru</subfield>
    <subfield code="2">naf</subfield>
  </datafield>
  <datafield tag="670" ind1=" " ind2=" ">
    <subfield code="a">Memoria del Comité Nacional del Perú, 1922:</subfield>
    <subfield code="b">title page (Comité Nacional del Peru)</subfield>
  </datafield>
</record>