
<record>
  <leader>00680nz  a2200181n  4500</leader>
  <controlfield tag="001">11257263</controlfield>
  <controlfield tag="003">DLC</controlfield>
  <controlfield tag="005">20200103034503.0</controlfield>
  <controlfield tag="008">200103n| azannaabn          |a aaa      </controlfield>
  <datafield tag="010" ind1=" " ind2=" ">
    <subfield code="a">n 2019188533</subfield>
  </datafield>
  <datafield tag="035" ind1=" " ind2=" ">
    <subfield code="a">(DNLM)1838610</subfield>
  </datafield>
  <datafield tag="040" ind1=" " ind2=" ">
    <subfield code="a">DNLM</subfield>
    <subfield code="b">eng</subfield>
    <subfield code="c">DNLM</subfield>
    <subfield code="e">rda</subfield>
  </datafield>
  <datafield tag="100" ind1="1" ind2=" ">
    <subfield code="a">Xu, Shuwei,</subfield>
    <subfield code="d">1080-1154.</subfield>
    <subfield code="t">Shang han jiu shi lun.</subfield>
    <subfield code="l">English</subfield>
  </datafield>
  <datafield tag="400" ind1="1" ind2=" ">
    <subfield code="a">Xu, Shuwei,</subfield>
    <subfield code="d">1080-1154.</subfield>
    <subfield code="t">Medical practice in twelfth-century China</subfield>
  </datafield>
  <datafield tag="400" ind1="1" ind2=" ">
    <subfield code="a">Xu, Shuwei,</subfield>
    <subfield code="d">1080-1154.</subfield>
    <subfield code="t">Ninety discussions [cases] on cold damage disorders</subfield>
  </datafield>
  <datafield tag="430" ind1=" " ind2="0">
    <subfield code="a">Medical practice in twelfth-century China</subfield>
  </datafield>
  <datafield tag="430" ind1=" " ind2="0">
    <subfield code="a">Ninety discussions [cases] on cold damage disorders</subfield>
  </datafield>
  <datafield tag="670" ind1=" " ind2=" ">
    <subfield code="a">Medical practice in twelfth-century China, 2019</subfield>
  </datafield>
</record>