
<record>
  <leader>01004nz  a2200169n  4500</leader>
  <controlfield tag="001">11257264</controlfield>
  <controlfield tag="003">DLC</controlfield>
  <controlfield tag="005">20200103034503.0</controlfield>
  <controlfield tag="008">200103n| azannaabn          |n aaa      </controlfield>
  <datafield tag="010" ind1=" " ind2=" ">
    <subfield code="a">n 2019188679</subfield>
  </datafield>
  <datafield tag="035" ind1=" " ind2=" ">
    <subfield code="a">(DNLM)1838927</subfield>
  </datafield>
  <datafield tag="040" ind1=" " ind2=" ">
    <subfield code="a">DNLM</subfield>
    <subfield code="b">eng</subfield>
    <subfield code="c">DNLM</subfield>
    <subfield code="e">rda</subfield>
  </datafield>
  <datafield tag="100" ind1="1" ind2=" ">
    <subfield code="a">Zheng, Kai</subfield>
    <subfield code="c">(Associate professor of informatics)</subfield>
  </datafield>
  <datafield tag="373" ind1=" " ind2=" ">
    <subfield code="a">University of California, Irvine</subfield>
    <subfield code="2">naf</subfield>
  </datafield>
  <datafield tag="374" ind1=" " ind2=" ">
    <subfield code="a">Associate professor of informatics</subfield>
  </datafield>
  <datafield tag="670" ind1=" " ind2=" ">
    <subfield code="a">Cognitive informatics, 2019:</subfield>
    <subfield code="b">title page (Kai Zheng) verso (Department of Informatics, University of California, Irvine, Irvine, CA, USA)</subfield>
  </datafield>
  <datafield tag="670" ind1=" " ind2=" ">
    <subfield code="a">University of California, Irvine web site, Dec. 4, 2019:</subfield>
    <subfield code="b">Zheng page (associate professor, Department of Informatics, Donald Bren School of Information and Computer Sciences; associate adjunct professor, Department of Emergency Medicine, School of Medicine; director, Center for Biomedical Informatics, Institute for Clinical and Translational Science, University of California, Irvine)</subfield>
    <subfield code="u">https://www.ics.uci.edu/~zhengkai/</subfield>
  </datafield>
</record>