
<record>
  <leader>00841nz  a2200193n  4500</leader>
  <controlfield tag="001">11257265</controlfield>
  <controlfield tag="003">DLC</controlfield>
  <controlfield tag="005">20200103034503.0</controlfield>
  <controlfield tag="008">200103n| azannaabn          |a ana      </controlfield>
  <datafield tag="010" ind1=" " ind2=" ">
    <subfield code="a">n 2019188762</subfield>
  </datafield>
  <datafield tag="035" ind1=" " ind2=" ">
    <subfield code="a">(DNLM)1844732</subfield>
  </datafield>
  <datafield tag="040" ind1=" " ind2=" ">
    <subfield code="a">DNLM</subfield>
    <subfield code="b">eng</subfield>
    <subfield code="e">rda</subfield>
    <subfield code="c">DNLM</subfield>
  </datafield>
  <datafield tag="110" ind1="2" ind2=" ">
    <subfield code="a">Stanford University.</subfield>
    <subfield code="b">Center for Molecular and Genetic Medicine</subfield>
  </datafield>
  <datafield tag="370" ind1=" " ind2=" ">
    <subfield code="c">California</subfield>
  </datafield>
  <datafield tag="410" ind1="2" ind2=" ">
    <subfield code="a">Stanford University.</subfield>
    <subfield code="b">School of Medicine.</subfield>
    <subfield code="b">Center for Molecular and Genetic Medicine</subfield>
  </datafield>
  <datafield tag="410" ind1="2" ind2=" ">
    <subfield code="a">CMGM (Stanford University)</subfield>
  </datafield>
  <datafield tag="410" ind1="2" ind2=" ">
    <subfield code="a">C.M.G.M. (Stanford University)</subfield>
  </datafield>
  <datafield tag="510" ind1="2" ind2=" ">
    <subfield code="w">r</subfield>
    <subfield code="i">Hierarchical superior:</subfield>
    <subfield code="a">Stanford University.</subfield>
    <subfield code="b">School of Medicine</subfield>
  </datafield>
  <datafield tag="670" ind1=" " ind2=" ">
    <subfield code="a">Molecular &amp; genetic medicine at Stanford, 1985?:</subfield>
    <subfield code="b">page 1 (Center for Molecular and Genetic Medicine (CMGM)) colophon (Center for Molecular and Genetic Medicine, School of Medicine, Stanford University)</subfield>
  </datafield>
</record>