
<record>
  <leader>00692nz  a2200169n  4500</leader>
  <controlfield tag="001">11257267</controlfield>
  <controlfield tag="003">DLC</controlfield>
  <controlfield tag="005">20200103034503.0</controlfield>
  <controlfield tag="008">200103n| azannaabn          |a ana      </controlfield>
  <datafield tag="010" ind1=" " ind2=" ">
    <subfield code="a">n 2019188772</subfield>
  </datafield>
  <datafield tag="035" ind1=" " ind2=" ">
    <subfield code="a">(DNLM)1844760</subfield>
  </datafield>
  <datafield tag="040" ind1=" " ind2=" ">
    <subfield code="a">DNLM</subfield>
    <subfield code="b">eng</subfield>
    <subfield code="e">rda</subfield>
    <subfield code="c">DNLM</subfield>
  </datafield>
  <datafield tag="110" ind1="1" ind2=" ">
    <subfield code="a">Saskatchewan.</subfield>
    <subfield code="b">Division of Venereal Disease Control</subfield>
  </datafield>
  <datafield tag="370" ind1=" " ind2=" ">
    <subfield code="c">Saskatchewan</subfield>
    <subfield code="2">naf</subfield>
  </datafield>
  <datafield tag="410" ind1="1" ind2=" ">
    <subfield code="a">Saskatchewan.</subfield>
    <subfield code="b">Department of Public Health.</subfield>
    <subfield code="b">Division of Venereal Disease Control</subfield>
  </datafield>
  <datafield tag="510" ind1="1" ind2=" ">
    <subfield code="w">r</subfield>
    <subfield code="i">Hierarchical superior:</subfield>
    <subfield code="a">Saskatchewan.</subfield>
    <subfield code="b">Department of Public Health</subfield>
  </datafield>
  <datafield tag="670" ind1=" " ind2=" ">
    <subfield code="a">Heartache house is just around the corner!, 1944?:</subfield>
    <subfield code="b">page 4 of cover (Division of Venereal Disease Control, Saskatchewan Department of Public Health)</subfield>
  </datafield>
</record>