
<record>
  <leader>00793nz  a2200169n  4500</leader>
  <controlfield tag="001">11257268</controlfield>
  <controlfield tag="003">DLC</controlfield>
  <controlfield tag="005">20200103034503.0</controlfield>
  <controlfield tag="008">200103n| azannaabn          |a ana      </controlfield>
  <datafield tag="010" ind1=" " ind2=" ">
    <subfield code="a">n 2019188802</subfield>
  </datafield>
  <datafield tag="035" ind1=" " ind2=" ">
    <subfield code="a">(DNLM)1844877</subfield>
  </datafield>
  <datafield tag="040" ind1=" " ind2=" ">
    <subfield code="a">DNLM</subfield>
    <subfield code="b">eng</subfield>
    <subfield code="e">rda</subfield>
    <subfield code="c">DNLM</subfield>
  </datafield>
  <datafield tag="046" ind1=" " ind2=" ">
    <subfield code="s">1925</subfield>
    <subfield code="2">edtf</subfield>
  </datafield>
  <datafield tag="110" ind1="1" ind2=" ">
    <subfield code="a">Costa Rica.</subfield>
    <subfield code="b">Secretaría de Salubridad Pública y Protección Social.</subfield>
    <subfield code="b">Laboratorio de Salud Pública</subfield>
  </datafield>
  <datafield tag="370" ind1=" " ind2=" ">
    <subfield code="c">Costa Rica</subfield>
    <subfield code="2">naf</subfield>
  </datafield>
  <datafield tag="510" ind1="1" ind2=" ">
    <subfield code="w">r</subfield>
    <subfield code="i">Hierarchical superior:</subfield>
    <subfield code="a">Costa Rica.</subfield>
    <subfield code="b">Secretaría de Salubridad Pública y Protección Social</subfield>
  </datafield>
  <datafield tag="670" ind1=" " ind2=" ">
    <subfield code="a">Señor Secretario: Por recomendación suya tengo el gusto de presentar a usted un extracto de las labores encomendadas al Laboratorio de Salud Pública, Not before 1940:</subfield>
    <subfield code="b">title page (Laboratorio de Salud Pública) p. 2 (created in 1925)</subfield>
  </datafield>
</record>