
<record>
  <leader>00348nz  a2200133n  4500</leader>
  <controlfield tag="001">11257269</controlfield>
  <controlfield tag="003">DLC</controlfield>
  <controlfield tag="005">20200103034503.0</controlfield>
  <controlfield tag="008">200103n| azannaabn          |n aaa      </controlfield>
  <datafield tag="010" ind1=" " ind2=" ">
    <subfield code="a">n 2019188806</subfield>
  </datafield>
  <datafield tag="035" ind1=" " ind2=" ">
    <subfield code="a">(DNLM)1844885</subfield>
  </datafield>
  <datafield tag="040" ind1=" " ind2=" ">
    <subfield code="a">DNLM</subfield>
    <subfield code="b">eng</subfield>
    <subfield code="e">rda</subfield>
    <subfield code="c">DNLM</subfield>
  </datafield>
  <datafield tag="100" ind1="1" ind2=" ">
    <subfield code="a">Threadgold, Nesta</subfield>
  </datafield>
  <datafield tag="670" ind1=" " ind2=" ">
    <subfield code="a">Health in the home, 1959:</subfield>
    <subfield code="b">title page (Nesta Threadgold)</subfield>
  </datafield>
</record>