
<record>
  <leader>00895nz  a2200145n  4500</leader>
  <controlfield tag="001">11257273</controlfield>
  <controlfield tag="003">DLC</controlfield>
  <controlfield tag="005">20200103034503.0</controlfield>
  <controlfield tag="008">200103n| azannaabn          |n aaa      </controlfield>
  <datafield tag="010" ind1=" " ind2=" ">
    <subfield code="a">n 2019189059</subfield>
  </datafield>
  <datafield tag="035" ind1=" " ind2=" ">
    <subfield code="a">(DNLM)1845451</subfield>
  </datafield>
  <datafield tag="040" ind1=" " ind2=" ">
    <subfield code="a">DNLM</subfield>
    <subfield code="b">eng</subfield>
    <subfield code="e">rda</subfield>
    <subfield code="c">DNLM</subfield>
  </datafield>
  <datafield tag="100" ind1="1" ind2=" ">
    <subfield code="a">Patrick, Michael D.,</subfield>
    <subfield code="c">Jr.</subfield>
  </datafield>
  <datafield tag="670" ind1=" " ind2=" ">
    <subfield code="a">Social media for medical professionals, 2019:</subfield>
    <subfield code="b">title page (Michael D. Patrick) t.p. verso (Nationwide Children&apos;s Hospital and The Ohio State University College of Medicine, Columbus, OH, USA)</subfield>
  </datafield>
  <datafield tag="670" ind1=" " ind2=" ">
    <subfield code="a">Nationwide Children&apos;s Hospital web site, Dec. 17, 2019:</subfield>
    <subfield code="b">(Michael D. Patrick, Jr, MD is a member of the Section of Emergency Medicine, Medical Director of Interactive Media for Nationwide Children&apos;s Hospital, and an Assistant Professor of Clinical Pediatrics at The Ohio State University College of Medicine.)</subfield>
    <subfield code="u">https://www.nationwidechildrens.org/find-a-doctor/profiles/michael-d-patrick</subfield>
  </datafield>
</record>