
<record>
  <leader>00521nz  a2200133n  4500</leader>
  <controlfield tag="001">11257275</controlfield>
  <controlfield tag="003">DLC</controlfield>
  <controlfield tag="005">20200103034503.0</controlfield>
  <controlfield tag="008">200103n| azannaabn          |n aaa      </controlfield>
  <datafield tag="010" ind1=" " ind2=" ">
    <subfield code="a">n 2019189234</subfield>
  </datafield>
  <datafield tag="035" ind1=" " ind2=" ">
    <subfield code="a">(DNLM)1845954</subfield>
  </datafield>
  <datafield tag="040" ind1=" " ind2=" ">
    <subfield code="a">DNLM</subfield>
    <subfield code="b">eng</subfield>
    <subfield code="e">rda</subfield>
    <subfield code="c">DNLM</subfield>
  </datafield>
  <datafield tag="100" ind1="1" ind2=" ">
    <subfield code="a">Gian, Cong T.</subfield>
  </datafield>
  <datafield tag="670" ind1=" " ind2=" ">
    <subfield code="a">Does the healthcare educational market respond to short-run local demand?, July 2019:</subfield>
    <subfield code="b">title page (Cong T. Gian) abstract page (Doctoral Student, O&apos;Neil School of Public and Environmental Affairs, Indiana University, Bloomington, IN)</subfield>
  </datafield>
</record>