
<record>
  <leader>00575nz  a2200145n  4500</leader>
  <controlfield tag="001">11257278</controlfield>
  <controlfield tag="003">DLC</controlfield>
  <controlfield tag="005">20200103034503.0</controlfield>
  <controlfield tag="008">200103n| azannaabn          |n aaa      </controlfield>
  <datafield tag="010" ind1=" " ind2=" ">
    <subfield code="a">n 2019189325</subfield>
  </datafield>
  <datafield tag="035" ind1=" " ind2=" ">
    <subfield code="a">(DNLM)1846101</subfield>
  </datafield>
  <datafield tag="040" ind1=" " ind2=" ">
    <subfield code="a">DNLM</subfield>
    <subfield code="b">eng</subfield>
    <subfield code="e">rda</subfield>
    <subfield code="c">DNLM</subfield>
  </datafield>
  <datafield tag="046" ind1=" " ind2=" ">
    <subfield code="f">1960</subfield>
    <subfield code="2">edtf</subfield>
  </datafield>
  <datafield tag="100" ind1="1" ind2=" ">
    <subfield code="a">Mavromatidis, George,</subfield>
    <subfield code="d">1960-</subfield>
  </datafield>
  <datafield tag="670" ind1=" " ind2=" ">
    <subfield code="a">Oncological and endoscopical dilemmas in modern gynecological clinical practice, 2020:</subfield>
    <subfield code="b">ECIP title page (George Mavromatidis) galley (2nd Department of Obstetrics and Gynaecology, Aristotle University of Thessaloniki, Greece) data view (b. 1960)</subfield>
  </datafield>
</record>