
<record>
  <leader>00573nz  a2200145n  4500</leader>
  <controlfield tag="001">11257280</controlfield>
  <controlfield tag="003">DLC</controlfield>
  <controlfield tag="005">20200103034504.0</controlfield>
  <controlfield tag="008">200103n| azannaabn          |n aaa      </controlfield>
  <datafield tag="010" ind1=" " ind2=" ">
    <subfield code="a">n 2019189323</subfield>
  </datafield>
  <datafield tag="035" ind1=" " ind2=" ">
    <subfield code="a">(DNLM)1846104</subfield>
  </datafield>
  <datafield tag="040" ind1=" " ind2=" ">
    <subfield code="a">DNLM</subfield>
    <subfield code="b">eng</subfield>
    <subfield code="e">rda</subfield>
    <subfield code="c">DNLM</subfield>
  </datafield>
  <datafield tag="046" ind1=" " ind2=" ">
    <subfield code="f">1985</subfield>
    <subfield code="2">edtf</subfield>
  </datafield>
  <datafield tag="100" ind1="1" ind2=" ">
    <subfield code="a">Petousis, Stamatios,</subfield>
    <subfield code="d">1985-</subfield>
  </datafield>
  <datafield tag="670" ind1=" " ind2=" ">
    <subfield code="a">Oncological and endoscopical dilemmas in modern gynecological clinical practice, 2020:</subfield>
    <subfield code="b">ECIP title page (Stamatios Petousis) galley (2nd Department of Obstetrics and Gynaecology, Aristotle University of Thessaloniki, Greece) data view (b. 1985)</subfield>
  </datafield>
</record>