
<record>
  <leader>00580nz  a2200145n  4500</leader>
  <controlfield tag="001">11257282</controlfield>
  <controlfield tag="003">DLC</controlfield>
  <controlfield tag="005">20200103034504.0</controlfield>
  <controlfield tag="008">200103n| azannaabn          |n aaa      </controlfield>
  <datafield tag="010" ind1=" " ind2=" ">
    <subfield code="a">n 2020180002</subfield>
  </datafield>
  <datafield tag="035" ind1=" " ind2=" ">
    <subfield code="a">(DNLM)1846119</subfield>
  </datafield>
  <datafield tag="040" ind1=" " ind2=" ">
    <subfield code="a">DNLM</subfield>
    <subfield code="b">eng</subfield>
    <subfield code="e">rda</subfield>
    <subfield code="c">DNLM</subfield>
  </datafield>
  <datafield tag="100" ind1="1" ind2=" ">
    <subfield code="a">Rhee, Connie M.</subfield>
  </datafield>
  <datafield tag="373" ind1=" " ind2=" ">
    <subfield code="a">California College of Medicine</subfield>
    <subfield code="2">naf</subfield>
  </datafield>
  <datafield tag="670" ind1=" " ind2=" ">
    <subfield code="a">Endocrine disorders in kidney disease, 2019:</subfield>
    <subfield code="b">title page (Connie M. Rhee) t.p. verso (Division of Nephrology and Hypertension, Departments of Medicine and Public Health, University of California Irvine School of Medicine, Orange, CA, USA)</subfield>
  </datafield>
</record>