
<record>
  <leader>00582nz  a2200145n  4500</leader>
  <controlfield tag="001">11257283</controlfield>
  <controlfield tag="003">DLC</controlfield>
  <controlfield tag="005">20200103034504.0</controlfield>
  <controlfield tag="008">200103n| azannaabn          |n aaa      </controlfield>
  <datafield tag="010" ind1=" " ind2=" ">
    <subfield code="a">n 2020180007</subfield>
  </datafield>
  <datafield tag="035" ind1=" " ind2=" ">
    <subfield code="a">(DNLM)1846131</subfield>
  </datafield>
  <datafield tag="040" ind1=" " ind2=" ">
    <subfield code="a">DNLM</subfield>
    <subfield code="b">eng</subfield>
    <subfield code="e">rda</subfield>
    <subfield code="c">DNLM</subfield>
  </datafield>
  <datafield tag="100" ind1="1" ind2=" ">
    <subfield code="a">Kolanowski, Ann</subfield>
  </datafield>
  <datafield tag="373" ind1=" " ind2=" ">
    <subfield code="a">Pennsylvania State University. College of Medicine</subfield>
    <subfield code="2">naf</subfield>
  </datafield>
  <datafield tag="670" ind1=" " ind2=" ">
    <subfield code="a">Successful grant writing, 2021:</subfield>
    <subfield code="b">ECIP title page (Ann Kolanowski, PhD, RN, FGSA, FAAN) galley (Professor of Nursing at the College of Nursing and Professor of Psychiatry at the College of Medicine, Penn State University)</subfield>
  </datafield>
</record>