
<record>
  <leader>01030nz  a2200241n  4500</leader>
  <controlfield tag="001">11257284</controlfield>
  <controlfield tag="003">DLC</controlfield>
  <controlfield tag="005">20200103045840.0</controlfield>
  <controlfield tag="008">200103n| azannaabn          |a aaa      </controlfield>
  <datafield tag="010" ind1=" " ind2=" ">
    <subfield code="a">n 2020220008</subfield>
  </datafield>
  <datafield tag="040" ind1=" " ind2=" ">
    <subfield code="a">DLC</subfield>
    <subfield code="b">eng</subfield>
    <subfield code="c">DLC</subfield>
    <subfield code="e">rda</subfield>
  </datafield>
  <datafield tag="046" ind1=" " ind2=" ">
    <subfield code="f">1954-09-03</subfield>
    <subfield code="2">edtf</subfield>
  </datafield>
  <datafield tag="100" ind1="1" ind2=" ">
    <subfield code="a">Hoesein, Zainal Arifin,</subfield>
    <subfield code="d">1954-</subfield>
  </datafield>
  <datafield tag="370" ind1=" " ind2=" ">
    <subfield code="a">Jombang (Indonesia)</subfield>
  </datafield>
  <datafield tag="372" ind1=" " ind2=" ">
    <subfield code="a">Constitutional law</subfield>
  </datafield>
  <datafield tag="373" ind1=" " ind2=" ">
    <subfield code="a">Universitas Indonesia</subfield>
    <subfield code="t">2006</subfield>
    <subfield code="2">naf</subfield>
  </datafield>
  <datafield tag="373" ind1=" " ind2=" ">
    <subfield code="a">Universitas Muhammadiyah Jakarta. Fakultas Hukum</subfield>
    <subfield code="s">2017</subfield>
    <subfield code="2">naf</subfield>
  </datafield>
  <datafield tag="374" ind1=" " ind2=" ">
    <subfield code="a">Lecturer</subfield>
  </datafield>
  <datafield tag="375" ind1=" " ind2=" ">
    <subfield code="a">male</subfield>
  </datafield>
  <datafield tag="377" ind1=" " ind2=" ">
    <subfield code="a">ind</subfield>
  </datafield>
  <datafield tag="400" ind1="0" ind2=" ">
    <subfield code="a">Zainal Arifin Hoesein,</subfield>
    <subfield code="d">1954-</subfield>
  </datafield>
  <datafield tag="400" ind1="1" ind2=" ">
    <subfield code="a">Husein, Zainal Arifin,</subfield>
    <subfield code="d">1954-</subfield>
  </datafield>
  <datafield tag="670" ind1=" " ind2=" ">
    <subfield code="a">Penyelesaian perselisihan hasil pemilu, 2019:</subfield>
    <subfield code="b">title page (Prof. Dr. Zainal Arifin Hoesein, S.H., M.H.) p. 179 (b. Sept. 3, 1954 in Jombang; son of H. Hoesein; Dr. in Constitutional Law, Universitas Indonesia, 2006; Prof. in Constitutional Law, Fakultas Hukum, Univ. Muhammadiyah Jakarta since 2017; also lecturer in various public and private universities in Indonesia)</subfield>
  </datafield>
</record>