
<record>
  <leader>00709nz  a2200181n  4500</leader>
  <controlfield tag="001">11257285</controlfield>
  <controlfield tag="003">DLC</controlfield>
  <controlfield tag="005">20200103050325.0</controlfield>
  <controlfield tag="008">200103n| azannaabn          |a ana      </controlfield>
  <datafield tag="010" ind1=" " ind2=" ">
    <subfield code="a">n 2020220009</subfield>
  </datafield>
  <datafield tag="040" ind1=" " ind2=" ">
    <subfield code="a">DLC</subfield>
    <subfield code="b">eng</subfield>
    <subfield code="c">DLC</subfield>
    <subfield code="e">rda</subfield>
  </datafield>
  <datafield tag="110" ind1="2" ind2=" ">
    <subfield code="a">Lembaga Pengembangan Pendidikan Anak Bangsa</subfield>
  </datafield>
  <datafield tag="368" ind1=" " ind2=" ">
    <subfield code="a">Organization</subfield>
  </datafield>
  <datafield tag="370" ind1=" " ind2=" ">
    <subfield code="e">Jakarta (Indonesia)</subfield>
    <subfield code="2">naf</subfield>
  </datafield>
  <datafield tag="371" ind1=" " ind2=" ">
    <subfield code="a">Jl. Swadaya I no. 11, RT 02/01 Duren Sawit</subfield>
    <subfield code="b">Jakarta Timur</subfield>
    <subfield code="e">13440</subfield>
  </datafield>
  <datafield tag="377" ind1=" " ind2=" ">
    <subfield code="a">ind</subfield>
  </datafield>
  <datafield tag="410" ind1="2" ind2=" ">
    <subfield code="a">LP2AB (Lembaga Pengembangan Pendidikan Anak Bangsa)</subfield>
  </datafield>
  <datafield tag="670" ind1=" " ind2=" ">
    <subfield code="a">Penyelesaian perselisihan hasil pemilu, 2019:</subfield>
    <subfield code="b">t.p. verso (Lembaga Pengembangan Pendidikan Anak Bangsa; LP2AB; address: Jl. Swadaya I no. 11, RT 02/01 Duren Sawit, Jakarta Timur 13440)</subfield>
  </datafield>
</record>