
<record>
  <leader>00669nz  a2200193n  4500</leader>
  <controlfield tag="001">11257302</controlfield>
  <controlfield tag="003">DLC</controlfield>
  <controlfield tag="005">20200103050903.0</controlfield>
  <controlfield tag="008">200102n| azannaabn          |a ana      </controlfield>
  <datafield tag="010" ind1=" " ind2=" ">
    <subfield code="a">nb2020000017</subfield>
  </datafield>
  <datafield tag="035" ind1=" " ind2=" ">
    <subfield code="a">(Uk)010712559</subfield>
  </datafield>
  <datafield tag="040" ind1=" " ind2=" ">
    <subfield code="a">Uk</subfield>
    <subfield code="b">eng</subfield>
    <subfield code="e">rda</subfield>
    <subfield code="c">Uk</subfield>
  </datafield>
  <datafield tag="110" ind1="1" ind2=" ">
    <subfield code="a">Moscow (Russia : Oblast).</subfield>
    <subfield code="b">Ministerstvo zdravookhranenii︠a︡</subfield>
  </datafield>
  <datafield tag="368" ind1=" " ind2=" ">
    <subfield code="a">Local government</subfield>
    <subfield code="2">lcsh</subfield>
  </datafield>
  <datafield tag="370" ind1=" " ind2=" ">
    <subfield code="c">Moscow (Russia : Oblast)</subfield>
    <subfield code="2">naf</subfield>
  </datafield>
  <datafield tag="372" ind1=" " ind2=" ">
    <subfield code="a">Medicine</subfield>
    <subfield code="2">lcsh</subfield>
  </datafield>
  <datafield tag="377" ind1=" " ind2=" ">
    <subfield code="a">rus</subfield>
  </datafield>
  <datafield tag="410" ind1="1" ind2=" ">
    <subfield code="a">Ministerstvo zdravookhranenii︠a︡ Moskovskoĭ oblasti</subfield>
  </datafield>
  <datafield tag="670" ind1=" " ind2=" ">
    <subfield code="a">Mediko-demograficheskiĭ atlas Moskovskoĭ oblasti, 2007:</subfield>
    <subfield code="b">t.p. (Ministerstvo zdravookhranenii︠a︡ Moskovskoĭ oblasti)</subfield>
  </datafield>
</record>