
<record>
  <leader>00652nz  a2200181n  4500</leader>
  <controlfield tag="001">11257304</controlfield>
  <controlfield tag="003">DLC</controlfield>
  <controlfield tag="005">20200103053251.0</controlfield>
  <controlfield tag="008">200103n| azannaabn          |b aaa      </controlfield>
  <datafield tag="010" ind1=" " ind2=" ">
    <subfield code="a">n 2020210001</subfield>
  </datafield>
  <datafield tag="040" ind1=" " ind2=" ">
    <subfield code="a">DLC</subfield>
    <subfield code="b">eng</subfield>
    <subfield code="c">DLC</subfield>
    <subfield code="e">rda</subfield>
  </datafield>
  <datafield tag="046" ind1=" " ind2=" ">
    <subfield code="f">[1975,1976]</subfield>
    <subfield code="2">edtf</subfield>
  </datafield>
  <datafield tag="100" ind1="1" ind2=" ">
    <subfield code="a">Burjī, Muḥammad,</subfield>
    <subfield code="d">1975 or 1976-</subfield>
  </datafield>
  <datafield tag="375" ind1=" " ind2=" ">
    <subfield code="a">male</subfield>
  </datafield>
  <datafield tag="377" ind1=" " ind2=" ">
    <subfield code="a">per</subfield>
  </datafield>
  <datafield tag="400" ind1="1" ind2=" ">
    <subfield code="a">‏برجى، محمد,</subfield>
    <subfield code="d">1975 or 1976-</subfield>
  </datafield>
  <datafield tag="667" ind1=" " ind2=" ">
    <subfield code="a">Non-Latin script reference not evaluated.</subfield>
  </datafield>
  <datafield tag="670" ind1=" " ind2=" ">
    <subfield code="a">Dīvānʹsālārī-i ʻaṣr-i Īlkhānī, 2017 or 2018:</subfield>
    <subfield code="b">t.p. (محمد برجى = Muḥammad Burjī) t.p. verso (Iranian CIP data: Burjī, Muḥammad; b. 1354 [1975 or 1976])</subfield>
  </datafield>
</record>