
<record>
  <leader>00345nz  a2200133n  4500</leader>
  <controlfield tag="001">11257307</controlfield>
  <controlfield tag="003">DLC</controlfield>
  <controlfield tag="005">20200103071457.0</controlfield>
  <controlfield tag="008">200103n| azannaabn          |n aaa      </controlfield>
  <datafield tag="010" ind1=" " ind2=" ">
    <subfield code="a">n 2020000199</subfield>
  </datafield>
  <datafield tag="040" ind1=" " ind2=" ">
    <subfield code="a">DLC</subfield>
    <subfield code="b">eng</subfield>
    <subfield code="e">rda</subfield>
    <subfield code="c">DLC</subfield>
  </datafield>
  <datafield tag="100" ind1="1" ind2=" ">
    <subfield code="a">Feldmaier, Bill</subfield>
  </datafield>
  <datafield tag="377" ind1=" " ind2=" ">
    <subfield code="a">eng</subfield>
  </datafield>
  <datafield tag="670" ind1=" " ind2=" ">
    <subfield code="a">The millennial success quotient, 2011:</subfield>
    <subfield code="b">title page (Bill Feldmaier)</subfield>
  </datafield>
</record>