
<record>
  <leader>00514cz  a2200145n  4500</leader>
  <controlfield tag="001">11257308</controlfield>
  <controlfield tag="003">DLC</controlfield>
  <controlfield tag="005">20200103071624.0</controlfield>
  <controlfield tag="008">200103n| azannaabn          |n aaa      </controlfield>
  <datafield tag="010" ind1=" " ind2=" ">
    <subfield code="a">n 2020000201</subfield>
  </datafield>
  <datafield tag="040" ind1=" " ind2=" ">
    <subfield code="a">DLC</subfield>
    <subfield code="b">eng</subfield>
    <subfield code="e">rda</subfield>
    <subfield code="c">DLC</subfield>
  </datafield>
  <datafield tag="100" ind1="1" ind2=" ">
    <subfield code="a">Gastineau, Max-Erwann,</subfield>
    <subfield code="d">1988-</subfield>
  </datafield>
  <datafield tag="375" ind1=" " ind2=" ">
    <subfield code="a">male</subfield>
  </datafield>
  <datafield tag="377" ind1=" " ind2=" ">
    <subfield code="a">fre</subfield>
  </datafield>
  <datafield tag="670" ind1=" " ind2=" ">
    <subfield code="a">Le nouveau procès de l&apos;Est, 2019:</subfield>
    <subfield code="b">title page (Max-Erwann Gastineau) p. 4 of cover (diplômé en histoire; rédacteur en chef des pages politiques de la revue Limite et contributeur au Figaro Vox)</subfield>
  </datafield>
</record>
</collection>
